exchange|ric|dateTime|price|size|cumvolume|bidprice1|bidsize1|askprice1|asksize1
CFFEX|IF1811|1539912540.5|3040.0|0|50.0|3039.60009766|1|3040.0|30
CFFEX|IF1811|1539912600.5|3040.0|41|91.0|3036.19995117|2|3040.0|15
CFFEX|IF1811|1539912601.0|3038.0|35|126.0|3038.0|1|3038.60009766|1
CFFEX|IF1811|1539912601.5|3039.19995117|21|147.0|3036.80004883|1|3037.0|1
CFFEX|IF1811|1539912602.0|3037.0|8|155.0|3037.0|11|3039.0|2
CFFEX|IF1811|1539912602.5|3037.0|16|171.0|3036.80004883|1|3037.0|1
CFFEX|IF1811|1539912603.0|3036.80004883|20|191.0|3037.19995117|1|3038.60009766|1
CFFEX|IF1811|1539912603.5|3036.80004883|7|198.0|3036.39990234|10|3036.80004883|2
CFFEX|IF1811|1539912604.0|3036.80004883|9|207.0|3036.39990234|7|3037.0|1
CFFEX|IF1811|1539912604.5|3037.0|13|220.0|3036.60009766|1|3036.80004883|2
CFFEX|IF1811|1539912605.0|3036.80004883|7|227.0|3036.39990234|1|3036.60009766|4
CFFEX|IF1811|1539912605.5|3036.60009766|9|236.0|3036.39990234|5|3036.60009766|1
CFFEX|IF1811|1539912606.0|3036.80004883|8|244.0|3036.60009766|1|3037.0|1
CFFEX|IF1811|1539912606.5|3036.80004883|7|251.0|3037.0|1|3038.60009766|1
CFFEX|IF1811|1539912607.0|3036.80004883|11|262.0|3036.60009766|2|3036.80004883|1
CFFEX|IF1811|1539912607.5|3036.80004883|10|272.0|3039.60009766|1|3040.0|25
CFFEX|IF1811|1539912608.0|3036.39990234|6|278.0|3036.19995117|5|3036.39990234|11
CFFEX|IF1811|1539912608.5|3036.39990234|10|288.0|3036.0|4|3036.39990234|11
CFFEX|IF1811|1539912609.0|3036.39990234|12|300.0|3036.0|3|3036.39990234|1
CFFEX|IF1811|1539912609.5|3035.80004883|8|308.0|3035.0|4|3036.19995117|2
CFFEX|IF1811|1539912610.0|3035.80004883|3|311.0|3035.19995117|1|3036.0|3
CFFEX|IF1811|1539912610.5|3035.0|5|316.0|3035.0|1|3035.19995117|1
CFFEX|IF1811|1539912611.0|3034.60009766|2|318.0|3033.80004883|1|3034.39990234|1
CFFEX|IF1811|1539912611.5|3033.80004883|6|324.0|3033.80004883|1|3034.19995117|1
CFFEX|IF1811|1539912612.0|3033.80004883|10|334.0|3033.19995117|2|3034.0|2
CFFEX|IF1811|1539912612.5|3033.80004883|10|344.0|3033.39990234|1|3033.80004883|1
CFFEX|IF1811|1539912613.0|3033.39990234|4|348.0|3033.39990234|1|3035.0|1
CFFEX|IF1811|1539912613.5|3034.80004883|2|350.0|3033.80004883|3|3034.80004883|8
CFFEX|IF1811|1539912614.0|3033.80004883|6|356.0|3033.60009766|1|3033.80004883|2
CFFEX|IF1811|1539912614.5|3032.19995117|13|369.0|3032.19995117|9|3034.80004883|1
CFFEX|IF1811|1539912615.0|3033.60009766|10|379.0|3033.0|1|3033.60009766|3
CFFEX|IF1811|1539912615.5|3033.80004883|9|388.0|3033.60009766|1|3033.80004883|11
CFFEX|IF1811|1539912616.0|3034.0|23|411.0|3034.0|6|3034.60009766|1
CFFEX|IF1811|1539912616.5|3034.60009766|2|413.0|3034.19995117|1|3035.0|1
CFFEX|IF1811|1539912617.0|3034.80004883|2|415.0|3034.60009766|1|3035.19995117|2
CFFEX|IF1811|1539912617.5|3034.80004883|5|420.0|3035.0|1|3036.0|5
CFFEX|IF1811|1539912618.0|3035.0|10|430.0|3035.39990234|1|3036.19995117|2
CFFEX|IF1811|1539912618.5|3036.19995117|3|433.0|3035.60009766|2|3036.60009766|1
CFFEX|IF1811|1539912619.0|3036.19995117|2|435.0|3036.60009766|1|3038.80004883|1
CFFEX|IF1811|1539912619.5|3036.60009766|5|440.0|3035.19995117|2|3036.39990234|1
CFFEX|IF1811|1539912620.0|3035.19995117|4|444.0|3035.19995117|1|3036.39990234|11
CFFEX|IF1811|1539912620.5|3035.19995117|4|448.0|3034.80004883|2|3035.80004883|1
CFFEX|IF1811|1539912621.0|3034.80004883|4|452.0|3034.60009766|10|3035.0|6
CFFEX|IF1811|1539912621.5|3035.0|13|465.0|3034.39990234|2|3034.60009766|1
CFFEX|IF1811|1539912622.0|3034.39990234|7|472.0|3034.0|6|3034.39990234|1
CFFEX|IF1811|1539912622.5|3034.0|9|481.0|3033.80004883|5|3034.0|4
CFFEX|IF1811|1539912623.0|3033.80004883|8|489.0|3034.39990234|1|3034.60009766|3
CFFEX|IF1811|1539912623.5|3034.80004883|7|496.0|3034.0|4|3034.39990234|1
CFFEX|IF1811|1539912624.0|3034.80004883|6|502.0|3034.19995117|1|3034.80004883|2
CFFEX|IF1811|1539912624.5|3034.80004883|1|503.0|3034.19995117|1|3034.60009766|1
CFFEX|IF1811|1539912625.0|3034.39990234|3|506.0|3034.39990234|3|3034.60009766|1
CFFEX|IF1811|1539912625.5|3035.0|11|517.0|3034.60009766|1|3035.0|8
CFFEX|IF1811|1539912626.0|3034.39990234|11|528.0|3035.0|1|3035.19995117|2
CFFEX|IF1811|1539912626.5|3034.80004883|10|538.0|3034.60009766|2|3035.0|2
CFFEX|IF1811|1539912627.0|3034.60009766|6|544.0|3034.80004883|1|3035.80004883|1
CFFEX|IF1811|1539912627.5|3034.39990234|3|547.0|3034.19995117|4|3035.0|1
CFFEX|IF1811|1539912628.0|3035.0|3|550.0|3034.0|1|3034.80004883|2
CFFEX|IF1811|1539912628.5|3034.80004883|5|555.0|3034.0|1|3035.80004883|1
CFFEX|IF1811|1539912629.0|3035.0|1|556.0|3034.19995117|8|3035.60009766|4
CFFEX|IF1811|1539912629.5|3035.39990234|2|558.0|3034.80004883|1|3035.60009766|3
CFFEX|IF1811|1539912630.0|3035.60009766|2|560.0|3034.39990234|4|3035.60009766|2
CFFEX|IF1811|1539912630.5|3034.39990234|7|567.0|3035.0|1|3035.80004883|1
CFFEX|IF1811|1539912631.0|3035.0|8|575.0|3034.80004883|1|3035.0|3
CFFEX|IF1811|1539912631.5|3034.39990234|9|584.0|3034.19995117|5|3034.39990234|8
CFFEX|IF1811|1539912632.0|3034.39990234|11|595.0|3033.80004883|4|3034.39990234|4
CFFEX|IF1811|1539912632.5|3034.39990234|3|598.0|3033.60009766|2|3034.19995117|1
CFFEX|IF1811|1539912633.0|3034.19995117|2|600.0|3033.60009766|2|3034.39990234|3
CFFEX|IF1811|1539912633.5|3033.80004883|1|601.0|3033.80004883|1|3034.19995117|3
CFFEX|IF1811|1539912634.0|3034.19995117|5|606.0|3033.39990234|1|3034.19995117|2
CFFEX|IF1811|1539912634.5|3034.19995117|2|608.0|3033.39990234|1|3033.60009766|1
CFFEX|IF1811|1539912635.0|3033.60009766|2|610.0|3033.39990234|1|3033.80004883|4
CFFEX|IF1811|1539912635.5|3033.39990234|4|614.0|3033.19995117|3|3033.39990234|3
CFFEX|IF1811|1539912636.0|3033.80004883|8|622.0|3033.19995117|1|3034.0|1
CFFEX|IF1811|1539912636.5|3033.80004883|0|622.0|3033.19995117|2|3034.0|1
CFFEX|IF1811|1539912637.0|3034.0|2|624.0|3033.39990234|1|3034.39990234|3
CFFEX|IF1811|1539912637.5|3033.39990234|1|625.0|3033.19995117|3|3034.39990234|3
CFFEX|IF1811|1539912638.0|3033.19995117|1|626.0|3033.19995117|3|3034.0|3
CFFEX|IF1811|1539912638.5|3034.0|1|627.0|3033.19995117|3|3034.0|2
CFFEX|IF1811|1539912639.5|3034.0|0|627.0|3033.39990234|1|3034.0|2
CFFEX|IF1811|1539912640.0|3033.19995117|5|632.0|3032.80004883|1|3033.0|1
CFFEX|IF1811|1539912640.5|3032.80004883|1|633.0|3032.39990234|2|3033.0|1
CFFEX|IF1811|1539912641.0|3033.0|4|637.0|3032.39990234|2|3034.0|2
CFFEX|IF1811|1539912641.5|3033.39990234|2|639.0|3033.0|1|3033.80004883|2
CFFEX|IF1811|1539912642.0|3033.0|1|640.0|3033.0|1|3034.0|2
CFFEX|IF1811|1539912642.5|3033.19995117|5|645.0|3032.39990234|2|3033.19995117|1
CFFEX|IF1811|1539912643.0|3034.0|6|651.0|3032.19995117|1|3034.0|1
CFFEX|IF1811|1539912643.5|3034.0|0|651.0|3033.0|1|3033.80004883|3
CFFEX|IF1811|1539912644.0|3034.0|0|651.0|3033.0|2|3033.80004883|1
CFFEX|IF1811|1539912644.5|3033.80004883|5|656.0|3033.0|2|3034.0|1
CFFEX|IF1811|1539912645.0|3033.0|5|661.0|3032.39990234|3|3033.0|2
CFFEX|IF1811|1539912645.5|3032.39990234|11|672.0|3033.0|2|3034.39990234|4
CFFEX|IF1811|1539912646.0|3033.0|1|673.0|3033.0|1|3033.60009766|3
CFFEX|IF1811|1539912646.5|3033.0|1|674.0|3032.19995117|3|3033.60009766|3
CFFEX|IF1811|1539912647.0|3033.0|3|677.0|3032.80004883|8|3033.39990234|1
CFFEX|IF1811|1539912647.5|3033.19995117|6|683.0|3032.80004883|6|3033.0|1
CFFEX|IF1811|1539912648.0|3032.80004883|6|689.0|3032.80004883|1|3033.0|4
CFFEX|IF1811|1539912648.5|3033.0|3|692.0|3032.39990234|1|3033.0|4
CFFEX|IF1811|1539912649.0|3032.60009766|5|697.0|3032.39990234|1|3033.0|2
CFFEX|IF1811|1539912649.5|3032.0|6|703.0|3032.0|1|3032.39990234|2
CFFEX|IF1811|1539912650.0|3032.19995117|7|710.0|3031.60009766|2|3033.19995117|2
CFFEX|IF1811|1539912650.5|3031.80004883|2|712.0|3031.80004883|4|3032.0|3
CFFEX|IF1811|1539912651.0|3032.0|6|718.0|3032.0|2|3032.19995117|7
CFFEX|IF1811|1539912651.5|3032.0|7|725.0|3031.60009766|2|3032.19995117|2
CFFEX|IF1811|1539912652.0|3032.0|7|732.0|3031.80004883|2|3032.0|1
CFFEX|IF1811|1539912652.5|3032.0|4|736.0|3032.0|1|3033.0|1
CFFEX|IF1811|1539912653.0|3031.80004883|6|742.0|3031.60009766|2|3032.0|2
CFFEX|IF1811|1539912653.5|3032.0|5|747.0|3031.60009766|2|3032.39990234|1
CFFEX|IF1811|1539912654.0|3032.0|0|747.0|3031.60009766|2|3031.80004883|1
CFFEX|IF1811|1539912654.5|3032.0|2|749.0|3031.60009766|2|3032.0|12
CFFEX|IF1811|1539912655.0|3031.39990234|3|752.0|3031.39990234|1|3031.60009766|2
CFFEX|IF1811|1539912655.5|3031.60009766|9|761.0|3031.19995117|4|3031.80004883|3
CFFEX|IF1811|1539912656.0|3031.60009766|6|767.0|3031.19995117|4|3032.0|6
CFFEX|IF1811|1539912656.5|3031.39990234|1|768.0|3031.39990234|1|3032.0|9
CFFEX|IF1811|1539912657.0|3031.39990234|0|768.0|3031.39990234|1|3032.0|9
CFFEX|IF1811|1539912657.5|3031.39990234|0|768.0|3031.39990234|1|3031.60009766|1
CFFEX|IF1811|1539912658.0|3031.60009766|2|770.0|3031.60009766|1|3032.0|9
CFFEX|IF1811|1539912658.5|3032.0|1|771.0|3031.60009766|1|3032.0|8
CFFEX|IF1811|1539912659.0|3032.0|3|774.0|3031.60009766|1|3032.0|5
CFFEX|IF1811|1539912659.5|3032.39990234|6|780.0|3032.0|1|3033.0|1
CFFEX|IF1811|1539912660.0|3032.0|2|782.0|3032.0|1|3033.0|1
CFFEX|IF1811|1539912660.5|3032.0|2|784.0|3032.19995117|2|3033.0|1
CFFEX|IF1811|1539912661.0|3032.39990234|3|787.0|3032.19995117|1|3033.0|1
CFFEX|IF1811|1539912661.5|3033.0|2|789.0|3033.0|2|3033.19995117|2
CFFEX|IF1811|1539912662.0|3033.0|16|805.0|3032.19995117|3|3033.0|3
CFFEX|IF1811|1539912662.5|3033.0|19|824.0|3030.80004883|16|3033.0|1
CFFEX|IF1811|1539912663.0|3030.80004883|21|845.0|3030.80004883|2|3032.80004883|1
CFFEX|IF1811|1539912663.5|3030.0|16|861.0|3030.0|5|3030.80004883|2
CFFEX|IF1811|1539912664.0|3030.0|17|878.0|3029.39990234|1|3034.80004883|2
CFFEX|IF1811|1539912664.5|3031.60009766|10|888.0|3029.60009766|1|3030.0|4
CFFEX|IF1811|1539912665.0|3030.0|14|902.0|3029.80004883|1|3034.39990234|2
CFFEX|IF1811|1539912665.5|3030.60009766|3|905.0|3030.39990234|1|3033.39990234|4
CFFEX|IF1811|1539912666.0|3030.80004883|6|911.0|3030.39990234|1|3032.0|1
CFFEX|IF1811|1539912666.5|3030.19995117|5|916.0|3030.19995117|1|3031.60009766|1
CFFEX|IF1811|1539912667.0|3031.39990234|1|917.0|3030.0|5|3031.60009766|1
CFFEX|IF1811|1539912667.5|3031.60009766|1|918.0|3030.39990234|1|3031.39990234|1
CFFEX|IF1811|1539912668.0|3030.39990234|2|920.0|3031.39990234|1|3031.80004883|1
CFFEX|IF1811|1539912668.5|3031.39990234|4|924.0|3030.60009766|1|3031.60009766|3
CFFEX|IF1811|1539912669.0|3030.80004883|1|925.0|3031.19995117|1|3031.60009766|3
CFFEX|IF1811|1539912669.5|3031.19995117|4|929.0|3031.0|1|3031.19995117|1
CFFEX|IF1811|1539912670.0|3031.19995117|4|933.0|3030.80004883|1|3031.19995117|1
CFFEX|IF1811|1539912670.5|3031.80004883|6|939.0|3030.80004883|1|3032.0|1
CFFEX|IF1811|1539912671.0|3030.80004883|4|943.0|3030.80004883|1|3031.19995117|2
CFFEX|IF1811|1539912671.5|3031.19995117|2|945.0|3030.80004883|1|3031.39990234|1
CFFEX|IF1811|1539912672.0|3031.39990234|1|946.0|3030.80004883|1|3031.60009766|1
CFFEX|IF1811|1539912672.5|3032.39990234|3|949.0|3032.39990234|3|3033.0|1
CFFEX|IF1811|1539912673.0|3032.39990234|4|953.0|3031.0|1|3032.19995117|4
CFFEX|IF1811|1539912673.5|3032.39990234|0|953.0|3031.60009766|4|3032.0|1
CFFEX|IF1811|1539912674.0|3034.0|3|956.0|3032.39990234|1|3034.39990234|2
CFFEX|IF1811|1539912674.5|3032.60009766|2|958.0|3032.60009766|2|3034.0|2
CFFEX|IF1811|1539912675.0|3033.39990234|1|959.0|3032.60009766|1|3033.80004883|6
CFFEX|IF1811|1539912675.5|3033.39990234|1|960.0|3033.0|1|3033.60009766|1
CFFEX|IF1811|1539912676.0|3033.60009766|4|964.0|3032.80004883|2|3033.60009766|1
CFFEX|IF1811|1539912676.5|3033.60009766|1|965.0|3033.60009766|1|3033.80004883|3
CFFEX|IF1811|1539912677.0|3033.80004883|7|972.0|3032.80004883|1|3033.80004883|1
CFFEX|IF1811|1539912677.5|3032.19995117|6|978.0|3032.80004883|1|3033.60009766|1
CFFEX|IF1811|1539912678.0|3033.80004883|5|983.0|3032.19995117|1|3033.60009766|2
CFFEX|IF1811|1539912678.5|3033.80004883|2|985.0|3032.39990234|1|3033.0|1
CFFEX|IF1811|1539912679.0|3033.19995117|1|986.0|3033.0|2|3034.0|2
CFFEX|IF1811|1539912679.5|3034.0|1|987.0|3033.0|2|3033.80004883|1
CFFEX|IF1811|1539912680.0|3033.80004883|1|988.0|3033.39990234|1|3034.0|1
CFFEX|IF1811|1539912680.5|3034.0|2|990.0|3033.60009766|1|3034.39990234|2
CFFEX|IF1811|1539912681.0|3033.80004883|6|996.0|3033.60009766|3|3034.80004883|1
CFFEX|IF1811|1539912681.5|3033.80004883|7|1003.0|3033.60009766|4|3038.39990234|5
CFFEX|IF1811|1539912682.0|3036.0|1|1004.0|3034.19995117|1|3036.39990234|2
CFFEX|IF1811|1539912682.5|3034.39990234|2|1006.0|3034.0|2|3034.60009766|1
CFFEX|IF1811|1539912683.0|3033.80004883|5|1011.0|3035.19995117|1|3036.19995117|3
CFFEX|IF1811|1539912683.5|3034.60009766|3|1014.0|3033.80004883|1|3034.80004883|1
CFFEX|IF1811|1539912684.0|3033.60009766|6|1020.0|3033.39990234|1|3034.60009766|3
CFFEX|IF1811|1539912684.5|3034.39990234|11|1031.0|3031.60009766|2|3034.39990234|5
CFFEX|IF1811|1539912685.0|3032.0|5|1036.0|3031.80004883|1|3032.0|1
CFFEX|IF1811|1539912685.5|3034.0|2|1038.0|3032.39990234|1|3034.0|2
CFFEX|IF1811|1539912686.0|3033.80004883|3|1041.0|3032.60009766|1|3033.80004883|2
CFFEX|IF1811|1539912686.5|3033.80004883|2|1043.0|3033.19995117|1|3034.0|1
CFFEX|IF1811|1539912687.0|3032.80004883|7|1050.0|3033.19995117|1|3034.39990234|1
CFFEX|IF1811|1539912687.5|3032.0|5|1055.0|3031.80004883|2|3032.0|2
CFFEX|IF1811|1539912688.0|3032.0|13|1068.0|3032.0|2|3033.19995117|5
CFFEX|IF1811|1539912688.5|3032.0|4|1072.0|3031.60009766|3|3032.0|2
CFFEX|IF1811|1539912689.0|3033.0|9|1081.0|3031.19995117|1|3034.19995117|1
CFFEX|IF1811|1539912689.5|3033.0|0|1081.0|3031.80004883|1|3032.80004883|1
CFFEX|IF1811|1539912690.0|3033.0|4|1085.0|3031.80004883|1|3032.0|3
CFFEX|IF1811|1539912690.5|3031.80004883|4|1089.0|3031.39990234|1|3031.80004883|1
CFFEX|IF1811|1539912691.0|3031.19995117|4|1093.0|3030.80004883|3|3031.19995117|1
CFFEX|IF1811|1539912691.5|3030.80004883|10|1103.0|3030.80004883|2|3032.0|28
CFFEX|IF1811|1539912692.0|3030.60009766|6|1109.0|3030.39990234|1|3030.80004883|2
CFFEX|IF1811|1539912692.5|3031.80004883|5|1114.0|3030.0|5|3030.19995117|1
CFFEX|IF1811|1539912693.0|3030.39990234|5|1119.0|3030.39990234|1|3031.60009766|1
CFFEX|IF1811|1539912693.5|3031.60009766|1|1120.0|3030.0|4|3032.0|29
CFFEX|IF1811|1539912694.0|3030.19995117|1|1121.0|3030.19995117|1|3031.80004883|1
CFFEX|IF1811|1539912694.5|3030.19995117|0|1121.0|3031.60009766|1|3031.80004883|1
CFFEX|IF1811|1539912695.0|3032.0|3|1124.0|3031.60009766|1|3032.0|1
CFFEX|IF1811|1539912695.5|3032.0|1|1125.0|3032.39990234|1|3032.60009766|1
CFFEX|IF1811|1539912696.0|3033.19995117|3|1128.0|3032.39990234|1|3033.60009766|1
CFFEX|IF1811|1539912696.5|3032.60009766|1|1129.0|3033.0|1|3033.19995117|1
CFFEX|IF1811|1539912697.0|3033.39990234|3|1132.0|3032.0|13|3033.60009766|1
CFFEX|IF1811|1539912697.5|3033.39990234|0|1132.0|3032.19995117|2|3033.60009766|1
CFFEX|IF1811|1539912698.0|3032.80004883|1|1133.0|3032.60009766|1|3033.60009766|1
CFFEX|IF1811|1539912698.5|3033.39990234|9|1142.0|3032.0|10|3034.19995117|1
CFFEX|IF1811|1539912699.0|3032.0|6|1148.0|3032.0|6|3033.60009766|1
CFFEX|IF1811|1539912699.5|3033.39990234|2|1150.0|3032.19995117|2|3033.60009766|1
CFFEX|IF1811|1539912700.0|3032.0|6|1156.0|3032.19995117|1|3033.39990234|1
CFFEX|IF1811|1539912700.5|3032.0|0|1156.0|3032.39990234|1|3033.19995117|1
CFFEX|IF1811|1539912701.0|3032.0|6|1162.0|3031.60009766|2|3032.19995117|1
CFFEX|IF1811|1539912701.5|3032.19995117|2|1164.0|3032.80004883|1|3034.0|2
CFFEX|IF1811|1539912702.0|3032.60009766|1|1165.0|3032.19995117|1|3032.60009766|1
CFFEX|IF1811|1539912702.5|3032.60009766|1|1166.0|3033.0|1|3034.0|2
CFFEX|IF1811|1539912703.0|3032.60009766|0|1166.0|3033.19995117|2|3033.39990234|1
CFFEX|IF1811|1539912703.5|3032.60009766|5|1171.0|3032.60009766|1|3032.80004883|1
CFFEX|IF1811|1539912704.0|3033.39990234|5|1176.0|3032.80004883|1|3033.80004883|4
CFFEX|IF1811|1539912704.5|3032.80004883|1|1177.0|3032.80004883|1|3033.39990234|2
CFFEX|IF1811|1539912705.0|3033.19995117|3|1180.0|3032.60009766|1|3032.80004883|4
CFFEX|IF1811|1539912705.5|3032.80004883|5|1185.0|3032.0|1|3032.80004883|3
CFFEX|IF1811|1539912706.0|3032.80004883|6|1191.0|3033.0|3|3033.39990234|2
CFFEX|IF1811|1539912706.5|3033.60009766|3|1194.0|3032.60009766|1|3033.80004883|4
CFFEX|IF1811|1539912707.0|3033.60009766|0|1194.0|3033.39990234|1|3034.0|1
CFFEX|IF1811|1539912707.5|3033.39990234|1|1195.0|3033.39990234|1|3034.0|1
CFFEX|IF1811|1539912708.0|3034.0|1|1196.0|3034.0|1|3034.19995117|2
CFFEX|IF1811|1539912708.5|3034.39990234|4|1200.0|3034.19995117|1|3034.39990234|1
CFFEX|IF1811|1539912709.0|3034.0|2|1202.0|3033.39990234|1|3034.39990234|1
CFFEX|IF1811|1539912709.5|3034.0|0|1202.0|3034.0|1|3034.39990234|1
CFFEX|IF1811|1539912710.0|3034.39990234|1|1203.0|3034.19995117|1|3034.60009766|1
CFFEX|IF1811|1539912710.5|3034.60009766|1|1204.0|3034.19995117|2|3034.80004883|1
CFFEX|IF1811|1539912711.0|3034.80004883|4|1208.0|3034.19995117|2|3036.0|3
CFFEX|IF1811|1539912711.5|3033.60009766|6|1214.0|3033.39990234|1|3035.60009766|1
CFFEX|IF1811|1539912712.0|3033.60009766|0|1214.0|3034.39990234|2|3035.39990234|2
CFFEX|IF1811|1539912712.5|3032.80004883|9|1223.0|3032.60009766|1|3032.80004883|2
CFFEX|IF1811|1539912713.0|3033.0|10|1233.0|3032.80004883|3|3033.0|2
CFFEX|IF1811|1539912713.5|3033.0|3|1236.0|3033.19995117|4|3034.39990234|1
CFFEX|IF1811|1539912714.0|3034.39990234|1|1237.0|3034.39990234|1|3036.0|4
CFFEX|IF1811|1539912714.5|3033.0|4|1241.0|3032.80004883|1|3033.0|3
CFFEX|IF1811|1539912715.0|3033.0|6|1247.0|3033.39990234|1|3034.19995117|1
CFFEX|IF1811|1539912715.5|3033.39990234|1|1248.0|3034.19995117|1|3034.39990234|1
CFFEX|IF1811|1539912716.0|3033.19995117|6|1254.0|3033.39990234|1|3034.0|1
CFFEX|IF1811|1539912716.5|3033.80004883|3|1257.0|3032.19995117|2|3033.80004883|2
CFFEX|IF1811|1539912717.0|3033.0|3|1260.0|3032.19995117|1|3033.0|10
CFFEX|IF1811|1539912717.5|3033.0|0|1260.0|3032.19995117|1|3032.80004883|5
CFFEX|IF1811|1539912718.0|3032.19995117|2|1262.0|3032.0|2|3032.39990234|1
CFFEX|IF1811|1539912718.5|3032.0|2|1264.0|3031.80004883|1|3032.0|12
CFFEX|IF1811|1539912719.0|3031.80004883|7|1271.0|3031.19995117|2|3031.39990234|3
CFFEX|IF1811|1539912719.5|3031.0|7|1278.0|3030.80004883|1|3031.39990234|6
CFFEX|IF1811|1539912720.0|3031.19995117|5|1283.0|3030.19995117|2|3031.39990234|6
CFFEX|IF1811|1539912720.5|3030.19995117|3|1286.0|3030.19995117|1|3030.80004883|5
CFFEX|IF1811|1539912721.0|3031.80004883|10|1296.0|3032.0|1|3032.60009766|1
CFFEX|IF1811|1539912721.5|3032.0|1|1297.0|3030.39990234|1|3031.80004883|1
CFFEX|IF1811|1539912722.0|3030.0|12|1309.0|3029.80004883|1|3030.0|4
CFFEX|IF1811|1539912722.5|3030.0|5|1314.0|3030.0|1|3030.19995117|1
CFFEX|IF1811|1539912723.0|3031.60009766|4|1318.0|3031.19995117|3|3032.0|2
CFFEX|IF1811|1539912723.5|3030.0|7|1325.0|3029.80004883|1|3031.60009766|1
CFFEX|IF1811|1539912724.0|3030.0|1|1326.0|3029.80004883|1|3030.0|11
CFFEX|IF1811|1539912724.5|3030.0|5|1331.0|3029.80004883|1|3030.0|6
CFFEX|IF1811|1539912725.0|3029.80004883|12|1343.0|3029.19995117|1|3030.0|2
CFFEX|IF1811|1539912725.5|3030.0|1|1344.0|3029.39990234|4|3030.0|1
CFFEX|IF1811|1539912726.0|3030.0|4|1348.0|3030.0|1|3030.80004883|1
CFFEX|IF1811|1539912726.5|3030.0|3|1351.0|3029.39990234|4|3030.0|4
CFFEX|IF1811|1539912727.0|3029.39990234|6|1357.0|3029.39990234|4|3030.0|5
CFFEX|IF1811|1539912727.5|3030.0|1|1358.0|3029.60009766|1|3030.0|4
CFFEX|IF1811|1539912728.0|3029.60009766|3|1361.0|3029.39990234|5|3030.0|2
CFFEX|IF1811|1539912728.5|3030.0|3|1364.0|3029.39990234|5|3030.80004883|1
CFFEX|IF1811|1539912729.0|3030.80004883|1|1365.0|3030.19995117|1|3030.60009766|1
CFFEX|IF1811|1539912729.5|3029.60009766|2|1367.0|3029.60009766|1|3030.0|6
CFFEX|IF1811|1539912730.0|3029.80004883|2|1369.0|3029.39990234|1|3030.0|6
CFFEX|IF1811|1539912730.5|3029.80004883|1|1370.0|3029.39990234|1|3029.80004883|1
CFFEX|IF1811|1539912731.0|3030.0|3|1373.0|3029.39990234|1|3030.0|4
CFFEX|IF1811|1539912731.5|3030.0|4|1377.0|3029.39990234|1|3030.0|1
CFFEX|IF1811|1539912732.0|3030.0|1|1378.0|3029.39990234|1|3032.0|1
CFFEX|IF1811|1539912732.5|3029.80004883|2|1380.0|3029.80004883|2|3030.0|1
CFFEX|IF1811|1539912733.0|3029.60009766|6|1386.0|3029.60009766|2|3031.19995117|1
CFFEX|IF1811|1539912733.5|3029.39990234|3|1389.0|3029.19995117|3|3029.60009766|4
CFFEX|IF1811|1539912734.0|3029.39990234|2|1391.0|3029.19995117|3|3029.60009766|5
CFFEX|IF1811|1539912734.5|3029.19995117|3|1394.0|3029.39990234|1|3029.60009766|5
CFFEX|IF1811|1539912735.0|3029.19995117|1|1395.0|3029.0|2|3029.19995117|1
CFFEX|IF1811|1539912735.5|3029.39990234|5|1400.0|3029.19995117|2|3029.60009766|5
CFFEX|IF1811|1539912736.0|3028.39990234|5|1405.0|3028.19995117|1|3028.80004883|1
CFFEX|IF1811|1539912736.5|3027.60009766|5|1410.0|3027.39990234|1|3028.80004883|2
CFFEX|IF1811|1539912737.0|3028.80004883|3|1413.0|3028.0|2|3028.80004883|1
CFFEX|IF1811|1539912737.5|3028.60009766|5|1418.0|3028.0|3|3028.80004883|1
CFFEX|IF1811|1539912738.0|3028.0|5|1423.0|3028.0|1|3028.80004883|1
CFFEX|IF1811|1539912738.5|3028.0|4|1427.0|3027.39990234|1|3028.0|1
CFFEX|IF1811|1539912739.0|3027.39990234|3|1430.0|3027.19995117|1|3027.39990234|2
CFFEX|IF1811|1539912739.5|3027.19995117|9|1439.0|3026.39990234|3|3027.19995117|3
CFFEX|IF1811|1539912740.0|3027.19995117|0|1439.0|3026.39990234|3|3027.0|3
CFFEX|IF1811|1539912740.5|3027.19995117|0|1439.0|3026.60009766|1|3026.80004883|3
CFFEX|IF1811|1539912741.0|3026.60009766|2|1441.0|3026.39990234|3|3026.60009766|1
CFFEX|IF1811|1539912741.5|3026.60009766|4|1445.0|3026.19995117|2|3026.80004883|3
CFFEX|IF1811|1539912742.0|3026.60009766|0|1445.0|3026.19995117|2|3026.60009766|3
CFFEX|IF1811|1539912742.5|3026.19995117|2|1447.0|3025.39990234|1|3026.19995117|1
CFFEX|IF1811|1539912743.0|3025.39990234|2|1449.0|3025.19995117|10|3025.39990234|1
CFFEX|IF1811|1539912743.5|3026.19995117|4|1453.0|3025.19995117|10|3025.39990234|2
CFFEX|IF1811|1539912744.0|3025.39990234|4|1457.0|3025.19995117|10|3026.19995117|2
CFFEX|IF1811|1539912744.5|3026.60009766|3|1460.0|3025.19995117|10|3026.60009766|1
CFFEX|IF1811|1539912745.0|3026.60009766|0|1460.0|3025.80004883|1|3026.39990234|1
CFFEX|IF1811|1539912745.5|3026.39990234|1|1461.0|3026.39990234|1|3026.60009766|1
CFFEX|IF1811|1539912746.0|3025.39990234|4|1465.0|3025.39990234|6|3026.39990234|1
CFFEX|IF1811|1539912746.5|3026.39990234|1|1466.0|3026.39990234|1|3027.0|3
CFFEX|IF1811|1539912747.0|3027.0|4|1470.0|3026.39990234|1|3027.19995117|1
CFFEX|IF1811|1539912747.5|3027.0|3|1473.0|3026.80004883|1|3029.39990234|1
CFFEX|IF1811|1539912748.0|3027.0|3|1476.0|3026.60009766|2|3029.0|6
CFFEX|IF1811|1539912748.5|3027.0|0|1476.0|3026.80004883|1|3027.39990234|1
CFFEX|IF1811|1539912749.0|3027.0|6|1482.0|3027.0|2|3028.39990234|1
CFFEX|IF1811|1539912749.5|3027.0|0|1482.0|3027.0|4|3028.0|3
CFFEX|IF1811|1539912750.0|3027.0|0|1482.0|3027.0|4|3027.39990234|1
CFFEX|IF1811|1539912750.5|3027.80004883|3|1485.0|3027.0|6|3028.19995117|2
CFFEX|IF1811|1539912751.0|3027.0|3|1488.0|3027.0|3|3028.0|1
CFFEX|IF1811|1539912751.5|3027.0|0|1488.0|3027.0|3|3028.19995117|2
CFFEX|IF1811|1539912752.0|3026.39990234|7|1495.0|3026.39990234|1|3028.0|1
CFFEX|IF1811|1539912752.5|3027.0|2|1497.0|3026.60009766|1|3027.0|4
CFFEX|IF1811|1539912753.0|3027.0|1|1498.0|3026.19995117|1|3027.0|4
CFFEX|IF1811|1539912753.5|3027.0|0|1498.0|3026.19995117|1|3026.60009766|1
CFFEX|IF1811|1539912754.0|3027.0|2|1500.0|3026.19995117|1|3027.0|4
CFFEX|IF1811|1539912754.5|3027.0|3|1503.0|3026.19995117|1|3026.80004883|3
CFFEX|IF1811|1539912755.0|3026.60009766|2|1505.0|3025.39990234|4|3026.60009766|3
CFFEX|IF1811|1539912755.5|3026.60009766|1|1506.0|3025.39990234|4|3026.60009766|2
CFFEX|IF1811|1539912756.0|3025.39990234|5|1511.0|3025.19995117|11|3026.39990234|1
CFFEX|IF1811|1539912756.5|3025.39990234|0|1511.0|3025.19995117|11|3026.19995117|2
CFFEX|IF1811|1539912757.0|3025.39990234|0|1511.0|3025.19995117|11|3026.19995117|2
CFFEX|IF1811|1539912757.5|3025.39990234|0|1511.0|3025.19995117|11|3026.19995117|2
CFFEX|IF1811|1539912758.0|3025.39990234|0|1511.0|3025.19995117|11|3026.0|2
CFFEX|IF1811|1539912758.5|3025.19995117|1|1512.0|3025.39990234|1|3025.80004883|1
CFFEX|IF1811|1539912759.0|3025.80004883|2|1514.0|3025.19995117|10|3026.0|2
CFFEX|IF1811|1539912759.5|3026.19995117|5|1519.0|3026.19995117|1|3026.60009766|1
CFFEX|IF1811|1539912760.0|3026.19995117|1|1520.0|3026.19995117|3|3026.60009766|1
CFFEX|IF1811|1539912760.5|3026.19995117|2|1522.0|3026.19995117|1|3026.60009766|1
CFFEX|IF1811|1539912761.0|3026.60009766|2|1524.0|3026.0|1|3026.80004883|2
CFFEX|IF1811|1539912761.5|3026.60009766|2|1526.0|3026.0|1|3026.80004883|2
CFFEX|IF1811|1539912762.0|3026.80004883|1|1527.0|3026.19995117|1|3026.80004883|1
CFFEX|IF1811|1539912762.5|3027.0|2|1529.0|3026.80004883|1|3027.60009766|1
CFFEX|IF1811|1539912763.0|3027.0|1|1530.0|3027.39990234|1|3027.60009766|1
CFFEX|IF1811|1539912763.5|3027.39990234|1|1531.0|3027.0|4|3027.39990234|1
CFFEX|IF1811|1539912764.0|3027.60009766|3|1534.0|3027.39990234|1|3029.80004883|1
CFFEX|IF1811|1539912764.5|3027.60009766|4|1538.0|3027.60009766|3|3029.0|1
CFFEX|IF1811|1539912765.0|3027.0|5|1543.0|3027.0|5|3028.60009766|2
CFFEX|IF1811|1539912765.5|3027.0|0|1543.0|3027.0|5|3027.39990234|3
CFFEX|IF1811|1539912766.0|3027.39990234|6|1549.0|3027.0|3|3027.39990234|1
CFFEX|IF1811|1539912766.5|3027.0|3|1552.0|3026.80004883|1|3027.19995117|1
CFFEX|IF1811|1539912767.0|3027.19995117|2|1554.0|3026.39990234|1|3027.0|1
CFFEX|IF1811|1539912767.5|3027.19995117|2|1556.0|3026.39990234|1|3027.0|1
CFFEX|IF1811|1539912768.0|3027.0|2|1558.0|3026.0|2|3027.0|1
CFFEX|IF1811|1539912768.5|3026.80004883|1|1559.0|3026.0|2|3026.80004883|5
CFFEX|IF1811|1539912769.0|3026.0|1|1560.0|3026.0|1|3026.80004883|5
CFFEX|IF1811|1539912769.5|3026.0|0|1560.0|3026.0|2|3026.60009766|2
CFFEX|IF1811|1539912770.0|3026.60009766|2|1562.0|3026.0|1|3026.60009766|1
CFFEX|IF1811|1539912770.5|3026.60009766|0|1562.0|3026.0|1|3026.39990234|3
CFFEX|IF1811|1539912771.0|3026.39990234|2|1564.0|3026.19995117|1|3026.39990234|1
CFFEX|IF1811|1539912771.5|3026.19995117|2|1566.0|3026.0|1|3026.80004883|5
CFFEX|IF1811|1539912772.0|3026.19995117|0|1566.0|3026.60009766|1|3026.80004883|5
CFFEX|IF1811|1539912772.5|3026.60009766|5|1571.0|3026.0|1|3026.19995117|1
CFFEX|IF1811|1539912773.0|3026.19995117|1|1572.0|3026.39990234|1|3026.80004883|2
CFFEX|IF1811|1539912773.5|3026.80004883|2|1574.0|3026.80004883|2|3027.39990234|1
CFFEX|IF1811|1539912774.0|3027.39990234|1|1575.0|3026.19995117|3|3029.19995117|1
CFFEX|IF1811|1539912774.5|3027.39990234|0|1575.0|3026.60009766|6|3027.39990234|1
CFFEX|IF1811|1539912775.0|3027.39990234|0|1575.0|3026.39990234|2|3028.80004883|4
CFFEX|IF1811|1539912775.5|3027.39990234|0|1575.0|3026.80004883|1|3027.39990234|1
CFFEX|IF1811|1539912776.0|3026.80004883|1|1576.0|3027.39990234|1|3028.60009766|5
CFFEX|IF1811|1539912776.5|3027.39990234|1|1577.0|3026.39990234|3|3027.39990234|1
CFFEX|IF1811|1539912777.0|3027.39990234|0|1577.0|3026.39990234|3|3026.80004883|1
CFFEX|IF1811|1539912777.5|3026.80004883|1|1578.0|3027.80004883|2|3028.19995117|1
CFFEX|IF1811|1539912778.0|3026.80004883|4|1582.0|3026.39990234|3|3027.19995117|1
CFFEX|IF1811|1539912778.5|3027.19995117|2|1584.0|3027.39990234|3|3027.80004883|1
CFFEX|IF1811|1539912779.0|3028.0|2|1586.0|3027.39990234|3|3028.60009766|1
CFFEX|IF1811|1539912779.5|3027.39990234|1|1587.0|3027.39990234|2|3028.39990234|2
CFFEX|IF1811|1539912780.0|3027.80004883|1|1588.0|3027.39990234|2|3027.80004883|1
CFFEX|IF1811|1539912780.5|3027.39990234|2|1590.0|3026.80004883|3|3027.60009766|1
CFFEX|IF1811|1539912781.0|3027.60009766|1|1591.0|3027.0|1|3027.80004883|1
CFFEX|IF1811|1539912781.5|3027.80004883|2|1593.0|3026.80004883|3|3027.60009766|4
CFFEX|IF1811|1539912782.0|3026.80004883|4|1597.0|3026.80004883|2|3027.60009766|1
CFFEX|IF1811|1539912782.5|3026.80004883|2|1599.0|3026.39990234|3|3027.60009766|1
CFFEX|IF1811|1539912783.0|3026.39990234|4|1603.0|3026.39990234|1|3027.60009766|1
CFFEX|IF1811|1539912784.0|3026.39990234|3|1606.0|3026.19995117|4|3026.60009766|1
CFFEX|IF1811|1539912784.5|3028.39990234|3|1609.0|3027.60009766|1|3028.60009766|1
CFFEX|IF1811|1539912785.0|3027.39990234|3|1612.0|3026.19995117|4|3028.60009766|1
CFFEX|IF1811|1539912785.5|3027.39990234|0|1612.0|3028.0|5|3028.39990234|1
CFFEX|IF1811|1539912786.0|3028.0|6|1618.0|3027.60009766|1|3028.60009766|1
CFFEX|IF1811|1539912786.5|3026.80004883|3|1621.0|3026.80004883|1|3028.19995117|1
CFFEX|IF1811|1539912787.0|3026.80004883|2|1623.0|3026.60009766|2|3027.60009766|1
CFFEX|IF1811|1539912787.5|3027.39990234|1|1624.0|3027.19995117|1|3027.39990234|3
CFFEX|IF1811|1539912788.0|3026.60009766|2|1626.0|3026.60009766|2|3027.19995117|2
CFFEX|IF1811|1539912788.5|3026.60009766|3|1629.0|3026.60009766|1|3027.0|1
CFFEX|IF1811|1539912789.0|3026.19995117|4|1633.0|3026.19995117|2|3026.60009766|1
CFFEX|IF1811|1539912789.5|3026.19995117|0|1633.0|3026.19995117|2|3026.39990234|1
CFFEX|IF1811|1539912790.0|3026.39990234|1|1634.0|3026.39990234|1|3026.60009766|1
CFFEX|IF1811|1539912790.5|3026.19995117|3|1637.0|3026.0|2|3026.19995117|4
CFFEX|IF1811|1539912791.0|3026.0|3|1640.0|3025.80004883|1|3026.19995117|3
CFFEX|IF1811|1539912791.5|3026.19995117|1|1641.0|3025.80004883|1|3026.19995117|2
CFFEX|IF1811|1539912792.0|3027.19995117|4|1645.0|3025.80004883|1|3027.39990234|1
CFFEX|IF1811|1539912792.5|3027.19995117|0|1645.0|3026.0|1|3027.39990234|1
CFFEX|IF1811|1539912793.0|3027.19995117|0|1645.0|3026.19995117|1|3027.39990234|1
CFFEX|IF1811|1539912793.5|3026.19995117|1|1646.0|3026.0|2|3027.19995117|9
CFFEX|IF1811|1539912794.0|3026.19995117|0|1646.0|3026.80004883|1|3027.0|1
CFFEX|IF1811|1539912794.5|3026.80004883|1|1647.0|3026.0|1|3026.39990234|1
CFFEX|IF1811|1539912795.0|3026.19995117|4|1651.0|3025.60009766|5|3026.80004883|7
CFFEX|IF1811|1539912795.5|3026.19995117|0|1651.0|3026.19995117|1|3026.60009766|3
CFFEX|IF1811|1539912796.0|3025.60009766|3|1654.0|3025.60009766|4|3026.19995117|1
CFFEX|IF1811|1539912796.5|3026.19995117|2|1656.0|3025.60009766|4|3026.60009766|3
CFFEX|IF1811|1539912797.0|3026.60009766|2|1658.0|3026.0|1|3026.60009766|1
CFFEX|IF1811|1539912797.5|3025.60009766|4|1662.0|3025.60009766|2|3026.80004883|3
CFFEX|IF1811|1539912798.0|3026.80004883|2|1664.0|3026.39990234|1|3026.60009766|3
CFFEX|IF1811|1539912798.5|3025.80004883|1|1665.0|3025.80004883|1|3026.60009766|3
CFFEX|IF1811|1539912799.0|3026.60009766|1|1666.0|3026.0|1|3026.60009766|2
CFFEX|IF1811|1539912799.5|3026.60009766|0|1666.0|3026.39990234|1|3026.60009766|2
CFFEX|IF1811|1539912800.0|3026.80004883|4|1670.0|3026.60009766|3|3027.19995117|10
CFFEX|IF1811|1539912800.5|3026.80004883|11|1681.0|3027.0|1|3027.19995117|3
CFFEX|IF1811|1539912801.0|3027.39990234|5|1686.0|3027.19995117|4|3028.19995117|1
CFFEX|IF1811|1539912801.5|3027.39990234|5|1691.0|3027.39990234|1|3027.80004883|1
CFFEX|IF1811|1539912802.0|3027.39990234|1|1692.0|3027.19995117|2|3027.80004883|1
CFFEX|IF1811|1539912802.5|3027.39990234|2|1694.0|3027.60009766|1|3027.80004883|1
CFFEX|IF1811|1539912803.0|3027.80004883|5|1699.0|3027.0|1|3027.80004883|1
CFFEX|IF1811|1539912803.5|3027.80004883|0|1699.0|3027.0|1|3027.80004883|1
CFFEX|IF1811|1539912804.0|3027.80004883|0|1699.0|3027.0|1|3027.60009766|2
CFFEX|IF1811|1539912804.5|3027.80004883|0|1699.0|3027.0|1|3027.60009766|3
CFFEX|IF1811|1539912805.0|3027.80004883|0|1699.0|3026.80004883|2|3027.60009766|3
CFFEX|IF1811|1539912805.5|3027.60009766|1|1700.0|3026.80004883|2|3027.60009766|2
CFFEX|IF1811|1539912806.0|3026.80004883|1|1701.0|3026.80004883|1|3027.60009766|2
CFFEX|IF1811|1539912807.0|3026.80004883|0|1701.0|3026.80004883|1|3027.60009766|2
CFFEX|IF1811|1539912807.5|3027.60009766|1|1702.0|3026.80004883|2|3027.60009766|1
CFFEX|IF1811|1539912808.0|3027.60009766|1|1703.0|3026.80004883|2|3027.80004883|1
CFFEX|IF1811|1539912808.5|3027.60009766|0|1703.0|3026.80004883|2|3027.39990234|3
CFFEX|IF1811|1539912809.0|3027.39990234|3|1706.0|3026.80004883|1|3027.39990234|1
CFFEX|IF1811|1539912809.5|3027.80004883|2|1708.0|3027.0|1|3028.19995117|1
CFFEX|IF1811|1539912810.0|3027.80004883|0|1708.0|3027.39990234|2|3028.19995117|1
CFFEX|IF1811|1539912810.5|3027.80004883|0|1708.0|3027.60009766|2|3028.19995117|1
CFFEX|IF1811|1539912811.0|3028.19995117|2|1710.0|3028.19995117|4|3028.60009766|1
CFFEX|IF1811|1539912811.5|3027.60009766|6|1716.0|3027.60009766|1|3028.80004883|1
CFFEX|IF1811|1539912812.0|3028.19995117|3|1719.0|3027.80004883|1|3028.19995117|2
CFFEX|IF1811|1539912812.5|3028.19995117|2|1721.0|3028.19995117|1|3028.80004883|1
CFFEX|IF1811|1539912813.0|3028.19995117|0|1721.0|3028.39990234|1|3028.80004883|1
CFFEX|IF1811|1539912813.5|3029.19995117|3|1724.0|3028.39990234|1|3029.80004883|1
CFFEX|IF1811|1539912814.0|3029.19995117|0|1724.0|3028.80004883|1|3029.60009766|1
CFFEX|IF1811|1539912814.5|3029.39990234|7|1731.0|3028.19995117|3|3029.80004883|1
CFFEX|IF1811|1539912815.0|3028.19995117|6|1737.0|3028.19995117|1|3029.60009766|1
CFFEX|IF1811|1539912815.5|3028.19995117|2|1739.0|3027.80004883|2|3028.19995117|1
CFFEX|IF1811|1539912816.0|3029.80004883|7|1746.0|3028.19995117|6|3030.0|1
CFFEX|IF1811|1539912816.5|3029.19995117|3|1749.0|3029.19995117|2|3029.80004883|1
CFFEX|IF1811|1539912817.0|3029.80004883|2|1751.0|3029.60009766|3|3031.80004883|1
CFFEX|IF1811|1539912817.5|3029.80004883|0|1751.0|3029.80004883|1|3031.0|1
CFFEX|IF1811|1539912818.0|3029.80004883|2|1753.0|3029.60009766|1|3029.80004883|4
CFFEX|IF1811|1539912818.5|3029.60009766|3|1756.0|3028.19995117|2|3029.60009766|3
CFFEX|IF1811|1539912819.0|3029.60009766|2|1758.0|3028.39990234|1|3029.39990234|1
CFFEX|IF1811|1539912819.5|3029.19995117|2|1760.0|3028.19995117|2|3029.60009766|2
CFFEX|IF1811|1539912820.0|3028.39990234|9|1769.0|3028.39990234|1|3029.39990234|1
CFFEX|IF1811|1539912820.5|3029.39990234|1|1770.0|3029.60009766|2|3029.80004883|3
CFFEX|IF1811|1539912821.0|3029.60009766|3|1773.0|3029.60009766|2|3029.80004883|2
CFFEX|IF1811|1539912821.5|3029.80004883|3|1776.0|3029.60009766|3|3031.60009766|1
CFFEX|IF1811|1539912822.0|3029.80004883|1|1777.0|3029.80004883|1|3030.19995117|1
CFFEX|IF1811|1539912822.5|3031.19995117|4|1781.0|3030.0|1|3030.80004883|1
CFFEX|IF1811|1539912823.0|3030.80004883|2|1783.0|3030.19995117|1|3031.80004883|1
CFFEX|IF1811|1539912823.5|3031.80004883|3|1786.0|3030.19995117|1|3032.0|1
CFFEX|IF1811|1539912824.0|3031.80004883|0|1786.0|3030.39990234|3|3031.80004883|1
CFFEX|IF1811|1539912824.5|3030.60009766|4|1790.0|3030.39990234|1|3032.80004883|1
CFFEX|IF1811|1539912825.0|3030.60009766|0|1790.0|3030.80004883|1|3032.39990234|1
CFFEX|IF1811|1539912825.5|3030.0|6|1796.0|3029.60009766|3|3030.0|1
CFFEX|IF1811|1539912826.0|3030.80004883|5|1801.0|3030.0|4|3032.39990234|4
CFFEX|IF1811|1539912826.5|3030.19995117|1|1802.0|3030.19995117|3|3031.0|3
CFFEX|IF1811|1539912827.0|3031.0|3|1805.0|3031.39990234|1|3031.80004883|1
CFFEX|IF1811|1539912827.5|3031.39990234|3|1808.0|3031.0|2|3031.80004883|1
CFFEX|IF1811|1539912828.0|3031.39990234|0|1808.0|3031.0|2|3031.80004883|1
CFFEX|IF1811|1539912828.5|3031.80004883|4|1812.0|3032.39990234|1|3032.80004883|1
CFFEX|IF1811|1539912829.0|3031.80004883|6|1818.0|3032.80004883|4|3033.0|1
CFFEX|IF1811|1539912829.5|3032.80004883|6|1824.0|3032.80004883|2|3034.39990234|2
CFFEX|IF1811|1539912830.0|3032.80004883|2|1826.0|3032.60009766|2|3034.19995117|3
CFFEX|IF1811|1539912830.5|3034.0|3|1829.0|3032.80004883|1|3034.0|3
CFFEX|IF1811|1539912831.0|3034.0|2|1831.0|3032.60009766|1|3033.80004883|1
CFFEX|IF1811|1539912831.5|3032.60009766|3|1834.0|3031.80004883|1|3032.60009766|4
CFFEX|IF1811|1539912832.0|3033.0|5|1839.0|3032.80004883|2|3034.39990234|2
CFFEX|IF1811|1539912832.5|3032.80004883|3|1842.0|3031.80004883|1|3032.80004883|2
CFFEX|IF1811|1539912833.0|3032.0|6|1848.0|3031.80004883|1|3032.80004883|3
CFFEX|IF1811|1539912833.5|3034.0|4|1852.0|3032.60009766|1|3032.80004883|1
CFFEX|IF1811|1539912834.0|3032.60009766|7|1859.0|3031.80004883|2|3032.60009766|3
CFFEX|IF1811|1539912834.5|3032.60009766|3|1862.0|3031.19995117|1|3032.60009766|2
CFFEX|IF1811|1539912835.0|3032.60009766|2|1864.0|3031.39990234|2|3031.80004883|1
CFFEX|IF1811|1539912835.5|3034.39990234|2|1866.0|3033.0|2|3034.39990234|2
CFFEX|IF1811|1539912836.0|3033.0|4|1870.0|3031.80004883|1|3033.39990234|1
CFFEX|IF1811|1539912836.5|3033.39990234|1|1871.0|3032.19995117|1|3034.19995117|1
CFFEX|IF1811|1539912837.0|3033.39990234|0|1871.0|3032.39990234|2|3032.60009766|1
CFFEX|IF1811|1539912837.5|3032.80004883|1|1872.0|3033.0|1|3033.60009766|1
CFFEX|IF1811|1539912838.0|3033.39990234|1|1873.0|3033.19995117|1|3033.60009766|1
CFFEX|IF1811|1539912838.5|3033.19995117|1|1874.0|3033.0|3|3034.19995117|1
CFFEX|IF1811|1539912839.0|3034.19995117|2|1876.0|3033.0|3|3034.39990234|2
CFFEX|IF1811|1539912839.5|3034.39990234|3|1879.0|3033.19995117|3|3035.0|1
CFFEX|IF1811|1539912840.0|3033.0|4|1883.0|3033.39990234|1|3034.19995117|1
CFFEX|IF1811|1539912840.5|3033.39990234|2|1885.0|3033.0|2|3034.19995117|1
CFFEX|IF1811|1539912841.0|3033.80004883|3|1888.0|3033.0|1|3034.80004883|2
CFFEX|IF1811|1539912841.5|3033.0|1|1889.0|3032.60009766|2|3033.39990234|1
CFFEX|IF1811|1539912842.0|3034.0|3|1892.0|3033.60009766|1|3034.60009766|1
CFFEX|IF1811|1539912842.5|3034.39990234|3|1895.0|3034.19995117|1|3034.39990234|4
CFFEX|IF1811|1539912843.0|3033.80004883|2|1897.0|3033.39990234|1|3034.0|1
CFFEX|IF1811|1539912843.5|3033.39990234|1|1898.0|3033.60009766|1|3033.80004883|1
CFFEX|IF1811|1539912844.0|3033.60009766|1|1899.0|3032.60009766|2|3033.19995117|1
CFFEX|IF1811|1539912844.5|3033.19995117|1|1900.0|3032.80004883|1|3033.60009766|1
CFFEX|IF1811|1539912845.0|3034.0|3|1903.0|3032.60009766|2|3034.0|1
CFFEX|IF1811|1539912845.5|3032.60009766|1|1904.0|3032.60009766|1|3033.80004883|2
CFFEX|IF1811|1539912846.0|3033.80004883|2|1906.0|3032.60009766|1|3033.80004883|1
CFFEX|IF1811|1539912846.5|3033.80004883|2|1908.0|3032.80004883|2|3033.39990234|1
CFFEX|IF1811|1539912847.0|3033.0|1|1909.0|3032.80004883|1|3033.39990234|1
CFFEX|IF1811|1539912847.5|3033.0|0|1909.0|3032.60009766|2|3033.39990234|1
CFFEX|IF1811|1539912848.0|3032.60009766|3|1912.0|3032.60009766|1|3032.80004883|1
CFFEX|IF1811|1539912848.5|3032.60009766|4|1916.0|3031.39990234|1|3033.39990234|1
CFFEX|IF1811|1539912849.0|3033.19995117|2|1918.0|3031.80004883|1|3033.19995117|1
CFFEX|IF1811|1539912849.5|3033.80004883|5|1923.0|3032.0|1|3034.19995117|5
CFFEX|IF1811|1539912850.0|3033.80004883|0|1923.0|3032.19995117|2|3034.19995117|5
CFFEX|IF1811|1539912850.5|3033.80004883|0|1923.0|3032.60009766|1|3033.80004883|1
CFFEX|IF1811|1539912851.0|3033.0|3|1926.0|3032.60009766|1|3034.19995117|5
CFFEX|IF1811|1539912851.5|3032.80004883|1|1927.0|3032.60009766|1|3033.80004883|1
CFFEX|IF1811|1539912852.0|3031.39990234|7|1934.0|3031.19995117|1|3031.39990234|1
CFFEX|IF1811|1539912852.5|3031.39990234|1|1935.0|3031.80004883|1|3032.60009766|1
CFFEX|IF1811|1539912853.0|3032.60009766|3|1938.0|3031.60009766|1|3032.39990234|1
CFFEX|IF1811|1539912853.5|3032.39990234|3|1941.0|3031.39990234|2|3033.19995117|4
CFFEX|IF1811|1539912854.0|3033.0|1|1942.0|3031.39990234|2|3033.0|1
CFFEX|IF1811|1539912854.5|3031.39990234|1|1943.0|3031.19995117|1|3032.80004883|2
CFFEX|IF1811|1539912855.0|3032.60009766|6|1949.0|3031.39990234|1|3032.80004883|2
CFFEX|IF1811|1539912855.5|3032.80004883|1|1950.0|3032.39990234|3|3032.80004883|1
CFFEX|IF1811|1539912856.0|3032.60009766|5|1955.0|3032.0|2|3033.19995117|4
CFFEX|IF1811|1539912856.5|3032.0|1|1956.0|3032.80004883|1|3033.19995117|4
CFFEX|IF1811|1539912857.0|3032.0|2|1958.0|3031.60009766|1|3032.60009766|1
CFFEX|IF1811|1539912857.5|3032.0|0|1958.0|3031.39990234|3|3032.60009766|1
CFFEX|IF1811|1539912858.0|3032.0|0|1958.0|3031.60009766|1|3032.60009766|1
CFFEX|IF1811|1539912858.5|3032.0|0|1958.0|3031.80004883|1|3032.60009766|1
CFFEX|IF1811|1539912859.0|3032.60009766|2|1960.0|3031.60009766|1|3032.80004883|4
CFFEX|IF1811|1539912859.5|3032.60009766|0|1960.0|3032.60009766|4|3032.80004883|4
CFFEX|IF1811|1539912860.0|3032.80004883|6|1966.0|3032.60009766|2|3033.19995117|4
CFFEX|IF1811|1539912860.5|3033.19995117|3|1969.0|3032.0|2|3033.19995117|3
CFFEX|IF1811|1539912861.0|3033.0|1|1970.0|3032.0|2|3033.19995117|3
CFFEX|IF1811|1539912861.5|3033.0|0|1970.0|3033.0|1|3033.19995117|3
CFFEX|IF1811|1539912862.0|3033.19995117|3|1973.0|3032.60009766|1|3033.60009766|2
CFFEX|IF1811|1539912862.5|3033.60009766|2|1975.0|3033.60009766|1|3034.0|1
CFFEX|IF1811|1539912863.0|3034.0|3|1978.0|3034.0|1|3034.19995117|1
CFFEX|IF1811|1539912863.5|3035.0|6|1984.0|3034.19995117|2|3035.60009766|1
CFFEX|IF1811|1539912864.0|3034.39990234|2|1986.0|3034.80004883|1|3035.19995117|1
CFFEX|IF1811|1539912864.5|3035.19995117|3|1989.0|3034.60009766|3|3035.39990234|1
CFFEX|IF1811|1539912865.0|3035.60009766|4|1993.0|3034.60009766|2|3035.80004883|1
CFFEX|IF1811|1539912865.5|3035.0|2|1995.0|3035.19995117|1|3035.80004883|1
CFFEX|IF1811|1539912866.0|3035.39990234|6|2001.0|3034.60009766|1|3035.39990234|1
CFFEX|IF1811|1539912866.5|3034.60009766|1|2002.0|3034.19995117|3|3035.0|2
CFFEX|IF1811|1539912867.0|3035.0|5|2007.0|3035.0|5|3035.19995117|1
CFFEX|IF1811|1539912867.5|3035.0|5|2012.0|3034.19995117|1|3034.60009766|1
CFFEX|IF1811|1539912868.0|3034.60009766|5|2017.0|3034.39990234|1|3035.0|1
CFFEX|IF1811|1539912868.5|3034.39990234|3|2020.0|3032.0|3|3034.60009766|1
CFFEX|IF1811|1539912869.0|3034.39990234|2|2022.0|3034.0|1|3034.39990234|1
CFFEX|IF1811|1539912869.5|3035.0|3|2025.0|3035.0|2|3035.19995117|1
CFFEX|IF1811|1539912870.0|3035.19995117|2|2027.0|3035.19995117|2|3035.39990234|2
CFFEX|IF1811|1539912870.5|3035.39990234|6|2033.0|3034.39990234|1|3035.60009766|1
CFFEX|IF1811|1539912871.0|3034.39990234|1|2034.0|3033.0|1|3035.60009766|1
CFFEX|IF1811|1539912871.5|3035.80004883|3|2037.0|3035.60009766|2|3036.0|3
CFFEX|IF1811|1539912872.0|3036.0|3|2040.0|3035.80004883|1|3036.0|2
CFFEX|IF1811|1539912872.5|3035.0|6|2046.0|3033.60009766|1|3035.0|7
CFFEX|IF1811|1539912873.0|3035.0|7|2053.0|3034.39990234|1|3036.39990234|2
CFFEX|IF1811|1539912873.5|3035.0|0|2053.0|3034.60009766|2|3036.0|1
CFFEX|IF1811|1539912874.0|3035.80004883|2|2055.0|3034.80004883|1|3035.80004883|1
CFFEX|IF1811|1539912874.5|3035.80004883|1|2056.0|3034.60009766|1|3036.0|1
CFFEX|IF1811|1539912875.0|3035.60009766|1|2057.0|3034.80004883|1|3036.0|1
CFFEX|IF1811|1539912875.5|3036.0|1|2058.0|3034.80004883|1|3035.80004883|2
CFFEX|IF1811|1539912876.0|3035.60009766|2|2060.0|3034.39990234|1|3035.80004883|2
CFFEX|IF1811|1539912876.5|3035.80004883|2|2062.0|3034.60009766|2|3036.39990234|2
CFFEX|IF1811|1539912877.0|3035.80004883|0|2062.0|3036.0|1|3036.39990234|2
CFFEX|IF1811|1539912877.5|3035.80004883|1|2063.0|3034.60009766|1|3036.0|2
CFFEX|IF1811|1539912878.0|3035.80004883|1|2064.0|3035.0|1|3035.80004883|1
CFFEX|IF1811|1539912878.5|3035.0|2|2066.0|3034.80004883|1|3035.39990234|1
CFFEX|IF1811|1539912879.0|3035.39990234|1|2067.0|3034.80004883|1|3036.0|4
CFFEX|IF1811|1539912879.5|3034.80004883|2|2069.0|3034.39990234|1|3036.0|4
CFFEX|IF1811|1539912880.0|3034.80004883|0|2069.0|3034.60009766|1|3035.60009766|1
CFFEX|IF1811|1539912880.5|3034.60009766|1|2070.0|3034.39990234|1|3035.0|1
CFFEX|IF1811|1539912881.0|3035.60009766|7|2077.0|3035.0|3|3036.0|1
CFFEX|IF1811|1539912881.5|3036.0|2|2079.0|3036.0|2|3036.39990234|4
CFFEX|IF1811|1539912882.0|3036.0|0|2079.0|3036.19995117|1|3036.39990234|4
CFFEX|IF1811|1539912882.5|3036.39990234|3|2082.0|3036.0|2|3036.39990234|2
CFFEX|IF1811|1539912883.0|3036.0|4|2086.0|3035.80004883|1|3036.19995117|3
CFFEX|IF1811|1539912883.5|3036.19995117|3|2089.0|3036.0|1|3036.80004883|1
CFFEX|IF1811|1539912884.0|3036.19995117|1|2090.0|3036.19995117|1|3036.80004883|1
CFFEX|IF1811|1539912884.5|3036.80004883|2|2092.0|3036.80004883|2|3038.0|4
CFFEX|IF1811|1539912885.0|3036.80004883|5|2097.0|3036.39990234|3|3036.80004883|2
CFFEX|IF1811|1539912885.5|3037.0|4|2101.0|3036.39990234|3|3037.80004883|1
CFFEX|IF1811|1539912886.0|3038.0|8|2109.0|3036.39990234|2|3038.0|1
CFFEX|IF1811|1539912886.5|3038.19995117|2|2111.0|3037.80004883|1|3039.0|2
CFFEX|IF1811|1539912887.0|3036.60009766|2|2113.0|3036.39990234|2|3037.80004883|1
CFFEX|IF1811|1539912887.5|3037.60009766|1|2114.0|3036.60009766|1|3037.80004883|1
CFFEX|IF1811|1539912888.0|3036.60009766|2|2116.0|3037.80004883|2|3038.0|1
CFFEX|IF1811|1539912888.5|3036.39990234|3|2119.0|3036.39990234|1|3036.60009766|1
CFFEX|IF1811|1539912889.0|3036.60009766|1|2120.0|3037.19995117|1|3037.80004883|1
CFFEX|IF1811|1539912889.5|3037.80004883|2|2122.0|3036.60009766|1|3038.0|1
CFFEX|IF1811|1539912890.0|3037.80004883|1|2123.0|3037.60009766|1|3037.80004883|1
CFFEX|IF1811|1539912890.5|3037.60009766|1|2124.0|3036.80004883|1|3037.19995117|1
CFFEX|IF1811|1539912891.0|3037.19995117|1|2125.0|3037.0|1|3037.60009766|2
CFFEX|IF1811|1539912891.5|3037.60009766|3|2128.0|3036.39990234|1|3037.60009766|1
CFFEX|IF1811|1539912892.0|3037.80004883|2|2130.0|3036.39990234|1|3037.80004883|1
CFFEX|IF1811|1539912892.5|3037.80004883|2|2132.0|3036.60009766|1|3038.0|4
CFFEX|IF1811|1539912893.0|3038.0|2|2134.0|3037.80004883|3|3038.0|2
CFFEX|IF1811|1539912893.5|3038.0|3|2137.0|3038.19995117|2|3039.0|2
CFFEX|IF1811|1539912894.0|3039.0|3|2140.0|3039.19995117|2|3039.39990234|1
CFFEX|IF1811|1539912894.5|3039.39990234|9|2149.0|3037.60009766|1|3039.80004883|1
CFFEX|IF1811|1539912895.0|3037.80004883|1|2150.0|3038.0|1|3038.80004883|1
CFFEX|IF1811|1539912895.5|3040.80004883|3|2153.0|3039.0|1|3041.39990234|1
CFFEX|IF1811|1539912896.0|3040.39990234|6|2159.0|3039.39990234|1|3040.0|1
CFFEX|IF1811|1539912896.5|3041.39990234|5|2164.0|3039.80004883|1|3042.0|1
CFFEX|IF1811|1539912897.0|3040.19995117|2|2166.0|3040.0|2|3041.80004883|5
CFFEX|IF1811|1539912897.5|3040.0|4|2170.0|3040.0|1|3041.60009766|2
CFFEX|IF1811|1539912898.0|3040.0|1|2171.0|3039.80004883|3|3040.0|1
CFFEX|IF1811|1539912898.5|3040.0|5|2176.0|3039.39990234|1|3041.19995117|1
CFFEX|IF1811|1539912899.0|3041.0|1|2177.0|3039.60009766|2|3040.80004883|1
CFFEX|IF1811|1539912899.5|3039.60009766|2|2179.0|3039.39990234|1|3040.0|1
CFFEX|IF1811|1539912900.0|3039.60009766|4|2183.0|3039.60009766|1|3040.60009766|1
CFFEX|IF1811|1539912900.5|3037.80004883|6|2189.0|3037.60009766|1|3040.60009766|1
CFFEX|IF1811|1539912901.0|3037.80004883|1|2190.0|3038.39990234|1|3040.19995117|2
CFFEX|IF1811|1539912901.5|3040.0|7|2197.0|3039.39990234|1|3040.19995117|1
CFFEX|IF1811|1539912902.0|3040.39990234|2|2199.0|3040.60009766|3|3041.0|1
CFFEX|IF1811|1539912902.5|3040.60009766|4|2203.0|3039.60009766|1|3040.80004883|1
CFFEX|IF1811|1539912903.0|3040.60009766|1|2204.0|3039.80004883|1|3040.80004883|1
CFFEX|IF1811|1539912903.5|3041.0|2|2206.0|3040.60009766|1|3041.19995117|1
CFFEX|IF1811|1539912904.0|3042.19995117|7|2213.0|3041.19995117|2|3042.80004883|1
CFFEX|IF1811|1539912904.5|3041.80004883|14|2227.0|3041.39990234|1|3042.60009766|1
CFFEX|IF1811|1539912905.0|3041.60009766|3|2230.0|3041.80004883|1|3042.39990234|1
CFFEX|IF1811|1539912905.5|3042.39990234|2|2232.0|3041.80004883|1|3043.80004883|1
CFFEX|IF1811|1539912906.0|3041.60009766|2|2234.0|3041.19995117|1|3042.0|1
CFFEX|IF1811|1539912906.5|3043.39990234|2|2236.0|3041.39990234|2|3042.60009766|1
CFFEX|IF1811|1539912907.0|3042.39990234|4|2240.0|3043.80004883|1|3045.0|15
CFFEX|IF1811|1539912907.5|3042.39990234|5|2245.0|3041.39990234|1|3042.0|1
CFFEX|IF1811|1539912908.0|3042.0|7|2252.0|3040.39990234|1|3043.19995117|1
CFFEX|IF1811|1539912908.5|3040.80004883|1|2253.0|3042.19995117|1|3042.39990234|1
CFFEX|IF1811|1539912909.0|3042.19995117|3|2256.0|3040.0|1|3042.19995117|6
CFFEX|IF1811|1539912909.5|3040.19995117|1|2257.0|3040.19995117|1|3041.0|1
CFFEX|IF1811|1539912910.0|3042.0|5|2262.0|3040.60009766|1|3042.0|1
CFFEX|IF1811|1539912910.5|3042.19995117|5|2267.0|3042.39990234|5|3042.80004883|1
CFFEX|IF1811|1539912911.0|3042.39990234|7|2274.0|3041.39990234|2|3042.39990234|1
CFFEX|IF1811|1539912911.5|3040.80004883|3|2277.0|3039.39990234|1|3040.19995117|1
CFFEX|IF1811|1539912912.0|3042.19995117|6|2283.0|3039.60009766|1|3042.80004883|2
CFFEX|IF1811|1539912912.5|3042.19995117|0|2283.0|3039.80004883|4|3041.19995117|1
CFFEX|IF1811|1539912913.0|3042.19995117|0|2283.0|3040.60009766|1|3041.19995117|1
CFFEX|IF1811|1539912913.5|3039.60009766|4|2287.0|3039.39990234|4|3040.19995117|1
CFFEX|IF1811|1539912914.0|3040.0|2|2289.0|3039.39990234|1|3040.19995117|2
CFFEX|IF1811|1539912914.5|3040.19995117|3|2292.0|3039.60009766|1|3040.19995117|1
CFFEX|IF1811|1539912915.0|3042.0|3|2295.0|3039.0|2|3042.19995117|2
CFFEX|IF1811|1539912915.5|3042.0|3|2298.0|3039.39990234|6|3041.80004883|7
CFFEX|IF1811|1539912916.0|3041.60009766|2|2300.0|3039.60009766|2|3041.60009766|1
CFFEX|IF1811|1539912916.5|3039.80004883|3|2303.0|3039.80004883|1|3041.39990234|1
CFFEX|IF1811|1539912917.0|3041.19995117|5|2308.0|3039.60009766|2|3041.19995117|1
CFFEX|IF1811|1539912917.5|3039.80004883|3|2311.0|3039.60009766|2|3041.0|1
CFFEX|IF1811|1539912918.0|3039.80004883|0|2311.0|3040.0|1|3041.0|1
CFFEX|IF1811|1539912918.5|3039.60009766|2|2313.0|3039.60009766|1|3040.39990234|1
CFFEX|IF1811|1539912919.0|3040.39990234|4|2317.0|3039.0|2|3041.80004883|5
CFFEX|IF1811|1539912919.5|3040.39990234|2|2319.0|3039.60009766|1|3041.0|1
CFFEX|IF1811|1539912920.0|3039.80004883|1|2320.0|3039.60009766|1|3040.80004883|1
CFFEX|IF1811|1539912920.5|3039.60009766|1|2321.0|3039.0|1|3039.60009766|1
CFFEX|IF1811|1539912921.0|3040.80004883|6|2327.0|3038.19995117|1|3041.0|1
CFFEX|IF1811|1539912921.5|3040.80004883|0|2327.0|3038.80004883|1|3039.0|1
CFFEX|IF1811|1539912922.0|3038.80004883|2|2329.0|3039.0|1|3039.60009766|1
CFFEX|IF1811|1539912922.5|3039.60009766|4|2333.0|3038.39990234|1|3039.39990234|1
CFFEX|IF1811|1539912923.0|3039.39990234|3|2336.0|3039.19995117|1|3039.60009766|1
CFFEX|IF1811|1539912923.5|3039.19995117|1|2337.0|3038.80004883|1|3039.0|2
CFFEX|IF1811|1539912924.0|3038.80004883|5|2342.0|3038.19995117|1|3038.80004883|2
CFFEX|IF1811|1539912924.5|3038.80004883|2|2344.0|3038.19995117|1|3039.0|1
CFFEX|IF1811|1539912925.0|3039.0|3|2347.0|3038.60009766|1|3039.60009766|1
CFFEX|IF1811|1539912925.5|3039.0|1|2348.0|3038.60009766|1|3039.60009766|1
CFFEX|IF1811|1539912926.0|3038.60009766|4|2352.0|3037.39990234|1|3039.60009766|1
CFFEX|IF1811|1539912926.5|3038.60009766|0|2352.0|3037.60009766|1|3039.39990234|1
CFFEX|IF1811|1539912927.0|3040.60009766|4|2356.0|3037.80004883|3|3040.60009766|2
CFFEX|IF1811|1539912927.5|3040.60009766|0|2356.0|3038.19995117|3|3040.19995117|1
CFFEX|IF1811|1539912928.0|3038.39990234|1|2357.0|3039.60009766|1|3040.0|1
CFFEX|IF1811|1539912928.5|3039.39990234|3|2360.0|3038.19995117|2|3039.39990234|1
CFFEX|IF1811|1539912929.0|3039.19995117|2|2362.0|3038.39990234|1|3039.60009766|2
CFFEX|IF1811|1539912929.5|3039.19995117|0|2362.0|3038.39990234|1|3039.60009766|2
CFFEX|IF1811|1539912930.0|3039.19995117|0|2362.0|3038.39990234|1|3039.39990234|1
CFFEX|IF1811|1539912930.5|3039.19995117|0|2362.0|3038.39990234|1|3039.19995117|1
CFFEX|IF1811|1539912931.0|3039.19995117|2|2364.0|3037.80004883|1|3039.39990234|1
CFFEX|IF1811|1539912931.5|3039.39990234|1|2365.0|3039.39990234|1|3039.60009766|2
CFFEX|IF1811|1539912932.0|3039.39990234|1|2366.0|3038.0|1|3039.60009766|2
CFFEX|IF1811|1539912932.5|3039.39990234|0|2366.0|3038.19995117|1|3039.39990234|5
CFFEX|IF1811|1539912933.0|3039.39990234|1|2367.0|3038.0|1|3039.0|1
CFFEX|IF1811|1539912933.5|3038.0|1|2368.0|3038.19995117|10|3038.80004883|1
CFFEX|IF1811|1539912934.0|3039.0|2|2370.0|3038.19995117|10|3039.19995117|1
CFFEX|IF1811|1539912934.5|3039.19995117|1|2371.0|3038.19995117|11|3039.39990234|5
CFFEX|IF1811|1539912935.0|3039.39990234|1|2372.0|3038.60009766|1|3039.39990234|4
CFFEX|IF1811|1539912935.5|3039.39990234|2|2374.0|3038.60009766|1|3039.39990234|2
CFFEX|IF1811|1539912936.0|3038.60009766|3|2377.0|3038.39990234|1|3039.60009766|3
CFFEX|IF1811|1539912936.5|3038.60009766|0|2377.0|3038.39990234|1|3038.60009766|1
CFFEX|IF1811|1539912937.0|3038.60009766|2|2379.0|3038.60009766|1|3039.39990234|2
CFFEX|IF1811|1539912937.5|3038.60009766|1|2380.0|3038.39990234|1|3039.19995117|1
CFFEX|IF1811|1539912938.0|3038.60009766|0|2380.0|3038.39990234|1|3039.19995117|1
CFFEX|IF1811|1539912938.5|3038.39990234|1|2381.0|3038.19995117|11|3039.19995117|1
CFFEX|IF1811|1539912939.0|3038.19995117|3|2384.0|3038.19995117|8|3038.39990234|4
CFFEX|IF1811|1539912939.5|3038.0|9|2393.0|3037.39990234|1|3038.19995117|2
CFFEX|IF1811|1539912940.0|3038.0|2|2395.0|3037.19995117|3|3038.0|1
CFFEX|IF1811|1539912940.5|3037.19995117|3|2398.0|3037.0|1|3037.19995117|1
CFFEX|IF1811|1539912941.0|3037.0|2|2400.0|3036.39990234|1|3037.0|6
CFFEX|IF1811|1539912941.5|3036.39990234|1|2401.0|3036.19995117|2|3036.80004883|1
CFFEX|IF1811|1539912942.0|3037.60009766|12|2413.0|3037.80004883|1|3038.19995117|1
CFFEX|IF1811|1539912942.5|3037.80004883|2|2415.0|3036.0|1|3037.60009766|2
CFFEX|IF1811|1539912943.0|3036.0|1|2416.0|3035.80004883|1|3037.39990234|5
CFFEX|IF1811|1539912943.5|3036.0|0|2416.0|3035.80004883|1|3037.39990234|5
CFFEX|IF1811|1539912944.0|3037.39990234|3|2419.0|3035.80004883|1|3037.39990234|4
CFFEX|IF1811|1539912944.5|3036.0|1|2420.0|3036.19995117|1|3037.19995117|1
CFFEX|IF1811|1539912945.0|3036.0|0|2420.0|3036.19995117|1|3037.0|2
CFFEX|IF1811|1539912945.5|3036.0|0|2420.0|3036.19995117|1|3036.80004883|1
CFFEX|IF1811|1539912946.0|3037.39990234|5|2425.0|3037.60009766|6|3037.80004883|2
CFFEX|IF1811|1539912946.5|3037.60009766|6|2431.0|3037.39990234|2|3037.60009766|4
CFFEX|IF1811|1539912947.0|3037.60009766|8|2439.0|3035.80004883|1|3037.0|1
CFFEX|IF1811|1539912947.5|3038.19995117|3|2442.0|3037.19995117|1|3038.39990234|4
CFFEX|IF1811|1539912948.0|3038.19995117|0|2442.0|3036.80004883|1|3038.19995117|2
CFFEX|IF1811|1539912948.5|3038.19995117|0|2442.0|3037.60009766|2|3037.80004883|1
CFFEX|IF1811|1539912949.0|3037.80004883|3|2445.0|3037.80004883|2|3038.19995117|2
CFFEX|IF1811|1539912949.5|3038.0|3|2448.0|3038.19995117|1|3038.39990234|5
CFFEX|IF1811|1539912950.0|3037.80004883|7|2455.0|3037.80004883|2|3038.19995117|1
CFFEX|IF1811|1539912950.5|3037.80004883|1|2456.0|3038.0|2|3038.19995117|1
CFFEX|IF1811|1539912951.0|3038.19995117|1|2457.0|3038.19995117|1|3038.60009766|3
CFFEX|IF1811|1539912951.5|3038.39990234|4|2461.0|3038.0|2|3039.60009766|4
CFFEX|IF1811|1539912952.0|3038.39990234|0|2461.0|3038.19995117|4|3039.60009766|4
CFFEX|IF1811|1539912952.5|3038.39990234|0|2461.0|3038.39990234|1|3039.60009766|4
CFFEX|IF1811|1539912953.0|3038.39990234|1|2462.0|3038.39990234|1|3039.60009766|4
CFFEX|IF1811|1539912953.5|3038.39990234|0|2462.0|3038.39990234|1|3039.60009766|4
CFFEX|IF1811|1539912954.0|3038.39990234|1|2463.0|3038.19995117|2|3039.60009766|4
CFFEX|IF1811|1539912954.5|3038.39990234|0|2463.0|3038.19995117|2|3039.39990234|2
CFFEX|IF1811|1539912955.0|3038.19995117|1|2464.0|3038.19995117|1|3038.39990234|3
CFFEX|IF1811|1539912955.5|3038.39990234|2|2466.0|3038.0|2|3038.39990234|3
CFFEX|IF1811|1539912956.0|3038.0|1|2467.0|3038.0|1|3038.39990234|3
CFFEX|IF1811|1539912956.5|3038.39990234|2|2469.0|3037.80004883|3|3038.39990234|2
CFFEX|IF1811|1539912957.0|3038.39990234|2|2471.0|3037.80004883|3|3038.19995117|1
CFFEX|IF1811|1539912957.5|3038.19995117|2|2473.0|3037.80004883|3|3038.0|2
CFFEX|IF1811|1539912958.0|3038.19995117|0|2473.0|3037.80004883|3|3038.0|2
CFFEX|IF1811|1539912958.5|3037.80004883|2|2475.0|3037.80004883|2|3038.0|3
CFFEX|IF1811|1539912959.0|3038.0|3|2478.0|3037.60009766|5|3038.0|2
CFFEX|IF1811|1539912959.5|3038.0|0|2478.0|3037.60009766|5|3037.80004883|1
CFFEX|IF1811|1539912960.0|3038.0|0|2478.0|3037.60009766|5|3037.80004883|1
CFFEX|IF1811|1539912960.5|3037.60009766|4|2482.0|3037.60009766|4|3038.0|2
CFFEX|IF1811|1539912961.5|3037.60009766|0|2482.0|3037.80004883|2|3038.0|2
CFFEX|IF1811|1539912962.0|3038.0|1|2483.0|3037.80004883|2|3038.0|1
CFFEX|IF1811|1539912962.5|3037.80004883|3|2486.0|3037.80004883|1|3039.60009766|3
CFFEX|IF1811|1539912963.0|3037.80004883|0|2486.0|3037.80004883|1|3039.0|1
CFFEX|IF1811|1539912963.5|3038.39990234|1|2487.0|3038.0|1|3038.80004883|1
CFFEX|IF1811|1539912964.0|3038.0|1|2488.0|3037.80004883|1|3039.39990234|3
CFFEX|IF1811|1539912964.5|3038.0|0|2488.0|3037.80004883|1|3038.19995117|1
CFFEX|IF1811|1539912965.0|3038.19995117|1|2489.0|3037.80004883|1|3039.39990234|1
CFFEX|IF1811|1539912965.5|3038.19995117|1|2490.0|3037.80004883|1|3039.19995117|2
CFFEX|IF1811|1539912966.0|3038.0|1|2491.0|3038.19995117|1|3038.60009766|1
CFFEX|IF1811|1539912966.5|3038.60009766|1|2492.0|3038.60009766|1|3038.80004883|1
CFFEX|IF1811|1539912967.0|3038.80004883|1|2493.0|3038.60009766|2|3039.60009766|3
CFFEX|IF1811|1539912967.5|3038.80004883|0|2493.0|3038.60009766|2|3039.60009766|3
CFFEX|IF1811|1539912968.0|3038.19995117|4|2497.0|3038.0|1|3039.60009766|3
CFFEX|IF1811|1539912968.5|3039.60009766|4|2501.0|3038.19995117|1|3039.80004883|2
CFFEX|IF1811|1539912969.0|3039.39990234|2|2503.0|3038.39990234|1|3039.80004883|2
CFFEX|IF1811|1539912969.5|3038.19995117|2|2505.0|3039.19995117|1|3039.60009766|1
CFFEX|IF1811|1539912970.0|3038.80004883|1|2506.0|3038.0|1|3039.19995117|2
CFFEX|IF1811|1539912970.5|3039.19995117|8|2514.0|3038.0|1|3039.39990234|1
CFFEX|IF1811|1539912971.0|3039.19995117|0|2514.0|3038.60009766|1|3039.39990234|3
CFFEX|IF1811|1539912971.5|3038.60009766|2|2516.0|3038.19995117|5|3039.39990234|1
CFFEX|IF1811|1539912972.0|3038.60009766|0|2516.0|3039.19995117|1|3039.39990234|1
CFFEX|IF1811|1539912972.5|3039.39990234|3|2519.0|3038.19995117|5|3039.80004883|2
CFFEX|IF1811|1539912973.0|3039.39990234|0|2519.0|3039.39990234|2|3039.80004883|2
CFFEX|IF1811|1539912973.5|3039.39990234|0|2519.0|3039.39990234|4|3039.80004883|2
CFFEX|IF1811|1539912974.0|3039.39990234|0|2519.0|3039.39990234|4|3039.80004883|2
CFFEX|IF1811|1539912974.5|3039.80004883|4|2523.0|3039.80004883|3|3040.0|6
CFFEX|IF1811|1539912975.0|3039.80004883|7|2530.0|3039.80004883|3|3041.39990234|1
CFFEX|IF1811|1539912975.5|3041.39990234|1|2531.0|3041.39990234|1|3042.19995117|2
CFFEX|IF1811|1539912976.0|3039.80004883|6|2537.0|3039.80004883|2|3041.39990234|1
CFFEX|IF1811|1539912976.5|3039.80004883|0|2537.0|3040.0|7|3041.19995117|1
CFFEX|IF1811|1539912977.0|3039.80004883|0|2537.0|3040.19995117|1|3041.19995117|1
CFFEX|IF1811|1539912977.5|3040.80004883|2|2539.0|3040.0|6|3041.19995117|1
CFFEX|IF1811|1539912978.0|3041.19995117|1|2540.0|3040.0|6|3040.19995117|1
CFFEX|IF1811|1539912978.5|3041.80004883|2|2542.0|3040.60009766|2|3041.80004883|2
CFFEX|IF1811|1539912979.0|3041.80004883|1|2543.0|3041.19995117|1|3041.80004883|3
CFFEX|IF1811|1539912979.5|3041.80004883|4|2547.0|3041.19995117|10|3041.80004883|1
CFFEX|IF1811|1539912980.0|3041.80004883|3|2550.0|3041.39990234|4|3042.19995117|2
CFFEX|IF1811|1539912980.5|3041.80004883|0|2550.0|3041.80004883|2|3042.19995117|2
CFFEX|IF1811|1539912981.0|3042.19995117|2|2552.0|3041.80004883|6|3042.60009766|1
CFFEX|IF1811|1539912981.5|3041.80004883|5|2557.0|3042.60009766|4|3042.80004883|1
CFFEX|IF1811|1539912982.0|3043.0|2|2559.0|3042.60009766|4|3043.19995117|1
CFFEX|IF1811|1539912982.5|3043.19995117|1|2560.0|3043.19995117|1|3043.60009766|1
CFFEX|IF1811|1539912983.0|3043.80004883|2|2562.0|3043.60009766|1|3044.80004883|1
CFFEX|IF1811|1539912983.5|3043.19995117|4|2566.0|3042.80004883|4|3045.0|16
CFFEX|IF1811|1539912984.0|3044.60009766|2|2568.0|3043.19995117|2|3044.80004883|1
CFFEX|IF1811|1539912984.5|3044.60009766|0|2568.0|3043.39990234|1|3044.39990234|2
CFFEX|IF1811|1539912985.0|3044.39990234|2|2570.0|3043.60009766|1|3044.0|1
CFFEX|IF1811|1539912985.5|3044.80004883|3|2573.0|3043.80004883|1|3045.0|16
CFFEX|IF1811|1539912986.0|3044.0|3|2576.0|3044.0|1|3045.0|15
CFFEX|IF1811|1539912986.5|3045.0|5|2581.0|3043.80004883|1|3045.0|11
CFFEX|IF1811|1539912987.0|3045.0|0|2581.0|3044.0|4|3044.39990234|1
CFFEX|IF1811|1539912987.5|3045.0|3|2584.0|3044.19995117|1|3045.0|9
CFFEX|IF1811|1539912988.0|3044.0|2|2586.0|3044.0|3|3045.0|9
CFFEX|IF1811|1539912988.5|3045.0|3|2589.0|3044.39990234|1|3044.80004883|4
CFFEX|IF1811|1539912989.0|3044.19995117|3|2592.0|3044.19995117|1|3044.80004883|4
CFFEX|IF1811|1539912989.5|3044.39990234|3|2595.0|3044.19995117|1|3044.60009766|3
CFFEX|IF1811|1539912990.0|3044.19995117|5|2600.0|3044.0|1|3044.19995117|1
CFFEX|IF1811|1539912990.5|3044.0|4|2604.0|3043.19995117|1|3044.39990234|1
CFFEX|IF1811|1539912991.0|3044.0|0|2604.0|3043.39990234|4|3044.39990234|1
CFFEX|IF1811|1539912991.5|3044.60009766|2|2606.0|3043.60009766|1|3044.60009766|1
CFFEX|IF1811|1539912992.0|3044.60009766|0|2606.0|3044.0|1|3044.60009766|1
CFFEX|IF1811|1539912992.5|3044.60009766|1|2607.0|3044.39990234|1|3044.80004883|4
CFFEX|IF1811|1539912993.0|3044.80004883|4|2611.0|3044.19995117|1|3045.0|8
CFFEX|IF1811|1539912993.5|3045.0|4|2615.0|3044.80004883|2|3045.0|4
CFFEX|IF1811|1539912994.0|3045.0|7|2622.0|3045.0|14|3046.39990234|1
CFFEX|IF1811|1539912994.5|3048.0|4|2626.0|3046.39990234|2|3048.0|1
CFFEX|IF1811|1539912995.0|3048.19995117|6|2632.0|3046.60009766|3|3048.39990234|1
CFFEX|IF1811|1539912995.5|3047.60009766|7|2639.0|3047.19995117|1|3047.60009766|7
CFFEX|IF1811|1539912996.0|3047.60009766|8|2647.0|3047.60009766|3|3048.0|1
CFFEX|IF1811|1539912996.5|3048.0|2|2649.0|3047.80004883|1|3048.19995117|1
CFFEX|IF1811|1539912997.0|3047.60009766|4|2653.0|3048.19995117|1|3048.39990234|2
CFFEX|IF1811|1539912997.5|3047.60009766|6|2659.0|3046.60009766|1|3048.39990234|2
CFFEX|IF1811|1539912998.0|3047.60009766|2|2661.0|3047.60009766|1|3048.19995117|1
CFFEX|IF1811|1539912998.5|3048.39990234|5|2666.0|3046.80004883|3|3048.60009766|1
CFFEX|IF1811|1539912999.0|3048.0|2|2668.0|3047.19995117|1|3048.0|1
CFFEX|IF1811|1539912999.5|3048.60009766|4|2672.0|3048.60009766|4|3048.80004883|1
CFFEX|IF1811|1539913000.0|3048.80004883|11|2683.0|3048.80004883|1|3049.0|2
CFFEX|IF1811|1539913000.5|3049.0|5|2688.0|3047.19995117|1|3049.0|2
CFFEX|IF1811|1539913001.0|3049.19995117|4|2692.0|3049.0|2|3050.0|15
CFFEX|IF1811|1539913001.5|3050.0|4|2696.0|3049.19995117|1|3050.0|12
CFFEX|IF1811|1539913002.0|3050.0|11|2707.0|3049.0|2|3050.0|3
CFFEX|IF1811|1539913002.5|3050.0|3|2710.0|3050.19995117|3|3050.39990234|1
CFFEX|IF1811|1539913003.0|3050.39990234|7|2717.0|3050.39990234|4|3051.80004883|1
CFFEX|IF1811|1539913003.5|3051.80004883|2|2719.0|3051.19995117|1|3053.19995117|1
CFFEX|IF1811|1539913004.0|3051.39990234|6|2725.0|3051.39990234|1|3053.0|2
CFFEX|IF1811|1539913004.5|3053.0|3|2728.0|3050.60009766|1|3051.19995117|1
CFFEX|IF1811|1539913005.0|3051.19995117|8|2736.0|3050.0|2|3050.60009766|2
CFFEX|IF1811|1539913005.5|3050.0|11|2747.0|3049.39990234|1|3052.39990234|1
CFFEX|IF1811|1539913006.0|3049.80004883|6|2753.0|3049.80004883|3|3051.19995117|1
CFFEX|IF1811|1539913006.5|3051.0|9|2762.0|3050.0|1|3052.0|2
CFFEX|IF1811|1539913007.0|3050.0|3|2765.0|3050.60009766|1|3051.80004883|4
CFFEX|IF1811|1539913007.5|3050.0|0|2765.0|3051.19995117|1|3051.60009766|1
CFFEX|IF1811|1539913008.0|3049.39990234|7|2772.0|3049.39990234|1|3051.19995117|7
CFFEX|IF1811|1539913008.5|3049.19995117|4|2776.0|3049.0|6|3051.0|1
CFFEX|IF1811|1539913009.0|3051.19995117|9|2785.0|3049.0|6|3051.19995117|3
CFFEX|IF1811|1539913009.5|3051.0|1|2786.0|3049.19995117|2|3051.19995117|3
CFFEX|IF1811|1539913010.0|3051.0|0|2786.0|3051.0|3|3051.19995117|3
CFFEX|IF1811|1539913010.5|3049.80004883|4|2790.0|3049.60009766|1|3050.39990234|1
CFFEX|IF1811|1539913011.0|3051.0|3|2793.0|3049.80004883|1|3051.0|2
CFFEX|IF1811|1539913011.5|3051.0|2|2795.0|3049.60009766|1|3050.19995117|3
CFFEX|IF1811|1539913012.0|3050.19995117|4|2799.0|3049.80004883|2|3051.0|2
CFFEX|IF1811|1539913012.5|3049.60009766|3|2802.0|3049.39990234|1|3051.0|2
CFFEX|IF1811|1539913013.0|3049.60009766|0|2802.0|3050.39990234|2|3050.80004883|5
CFFEX|IF1811|1539913013.5|3050.19995117|5|2807.0|3049.0|6|3050.19995117|1
CFFEX|IF1811|1539913014.0|3050.0|8|2815.0|3050.19995117|2|3050.39990234|5
CFFEX|IF1811|1539913014.5|3048.80004883|9|2824.0|3048.60009766|3|3049.80004883|3
CFFEX|IF1811|1539913015.0|3049.80004883|9|2833.0|3049.80004883|7|3050.19995117|4
CFFEX|IF1811|1539913015.5|3049.80004883|9|2842.0|3049.19995117|1|3049.80004883|1
CFFEX|IF1811|1539913016.0|3049.80004883|3|2845.0|3049.80004883|2|3050.19995117|2
CFFEX|IF1811|1539913016.5|3049.80004883|0|2845.0|3049.80004883|2|3050.19995117|2
CFFEX|IF1811|1539913017.0|3050.19995117|2|2847.0|3049.19995117|1|3050.39990234|1
CFFEX|IF1811|1539913017.5|3049.39990234|3|2850.0|3049.19995117|1|3051.0|4
CFFEX|IF1811|1539913018.0|3049.39990234|0|2850.0|3049.60009766|1|3049.80004883|1
CFFEX|IF1811|1539913018.5|3049.80004883|1|2851.0|3050.0|2|3050.60009766|1
CFFEX|IF1811|1539913019.0|3050.60009766|1|2852.0|3049.80004883|2|3050.60009766|1
CFFEX|IF1811|1539913019.5|3051.0|3|2855.0|3049.80004883|2|3051.0|4
CFFEX|IF1811|1539913020.0|3050.80004883|2|2857.0|3050.60009766|1|3051.0|3
CFFEX|IF1811|1539913020.5|3051.0|2|2859.0|3050.60009766|1|3051.0|2
CFFEX|IF1811|1539913021.0|3051.0|4|2863.0|3051.0|1|3051.19995117|5
CFFEX|IF1811|1539913021.5|3051.0|8|2871.0|3051.0|1|3051.39990234|1
CFFEX|IF1811|1539913022.0|3051.80004883|4|2875.0|3051.19995117|1|3052.19995117|1
CFFEX|IF1811|1539913022.5|3050.60009766|3|2878.0|3050.0|2|3050.60009766|1
CFFEX|IF1811|1539913023.0|3051.0|6|2884.0|3050.60009766|2|3052.19995117|1
CFFEX|IF1811|1539913023.5|3052.0|4|2888.0|3050.0|2|3051.80004883|2
CFFEX|IF1811|1539913024.0|3052.39990234|8|2896.0|3052.0|1|3053.0|2
CFFEX|IF1811|1539913024.5|3052.0|1|2897.0|3051.0|1|3051.80004883|3
CFFEX|IF1811|1539913025.0|3052.0|0|2897.0|3051.80004883|2|3052.0|3
CFFEX|IF1811|1539913025.5|3051.80004883|4|2901.0|3051.0|1|3052.0|5
CFFEX|IF1811|1539913026.0|3051.0|1|2902.0|3049.80004883|3|3051.39990234|1
CFFEX|IF1811|1539913026.5|3051.0|0|2902.0|3050.0|1|3051.19995117|2
CFFEX|IF1811|1539913027.0|3051.0|0|2902.0|3050.19995117|1|3050.80004883|1
CFFEX|IF1811|1539913027.5|3050.80004883|4|2906.0|3049.80004883|1|3051.19995117|2
CFFEX|IF1811|1539913028.0|3049.80004883|1|2907.0|3049.60009766|1|3050.19995117|1
CFFEX|IF1811|1539913028.5|3049.60009766|1|2908.0|3049.19995117|1|3050.0|1
CFFEX|IF1811|1539913029.0|3049.19995117|3|2911.0|3049.0|2|3049.19995117|2
CFFEX|IF1811|1539913029.5|3049.0|3|2914.0|3048.60009766|4|3049.19995117|4
CFFEX|IF1811|1539913030.0|3049.19995117|7|2921.0|3048.19995117|1|3049.19995117|3
CFFEX|IF1811|1539913030.5|3048.19995117|1|2922.0|3048.60009766|1|3049.19995117|3
CFFEX|IF1811|1539913031.0|3048.60009766|1|2923.0|3048.39990234|1|3049.19995117|4
CFFEX|IF1811|1539913031.5|3048.39990234|1|2924.0|3048.0|1|3049.19995117|3
CFFEX|IF1811|1539913032.0|3048.0|1|2925.0|3047.80004883|1|3049.19995117|3
CFFEX|IF1811|1539913032.5|3048.0|0|2925.0|3047.80004883|1|3049.0|1
CFFEX|IF1811|1539913033.0|3048.0|0|2925.0|3048.60009766|1|3049.0|1
CFFEX|IF1811|1539913033.5|3047.80004883|1|2926.0|3046.80004883|1|3049.19995117|3
CFFEX|IF1811|1539913034.0|3048.19995117|1|2927.0|3047.0|1|3047.80004883|1
CFFEX|IF1811|1539913034.5|3047.80004883|1|2928.0|3048.19995117|1|3048.80004883|2
CFFEX|IF1811|1539913035.0|3048.80004883|2|2930.0|3047.80004883|3|3049.19995117|3
CFFEX|IF1811|1539913035.5|3048.0|2|2932.0|3048.39990234|1|3049.0|1
CFFEX|IF1811|1539913036.0|3047.80004883|2|2934.0|3047.39990234|1|3048.19995117|1
CFFEX|IF1811|1539913036.5|3048.19995117|4|2938.0|3048.19995117|2|3049.19995117|2
CFFEX|IF1811|1539913037.0|3048.19995117|3|2941.0|3048.0|1|3048.19995117|1
CFFEX|IF1811|1539913037.5|3048.19995117|3|2944.0|3047.60009766|1|3049.19995117|2
CFFEX|IF1811|1539913038.0|3048.19995117|1|2945.0|3047.60009766|1|3048.19995117|1
CFFEX|IF1811|1539913038.5|3047.60009766|1|2946.0|3047.19995117|1|3048.19995117|1
CFFEX|IF1811|1539913039.0|3048.19995117|2|2948.0|3047.19995117|1|3049.0|2
CFFEX|IF1811|1539913039.5|3048.19995117|0|2948.0|3047.39990234|1|3047.60009766|1
CFFEX|IF1811|1539913040.0|3047.19995117|4|2952.0|3046.80004883|1|3048.39990234|1
CFFEX|IF1811|1539913040.5|3047.39990234|1|2953.0|3046.80004883|1|3048.19995117|2
CFFEX|IF1811|1539913041.0|3048.19995117|2|2955.0|3046.80004883|1|3047.80004883|1
CFFEX|IF1811|1539913041.5|3048.19995117|0|2955.0|3046.80004883|1|3047.0|2
CFFEX|IF1811|1539913042.0|3046.80004883|1|2956.0|3046.19995117|1|3048.19995117|1
CFFEX|IF1811|1539913042.5|3046.19995117|1|2957.0|3046.0|1|3048.0|2
CFFEX|IF1811|1539913043.0|3046.60009766|1|2958.0|3046.0|1|3046.60009766|1
CFFEX|IF1811|1539913043.5|3047.19995117|3|2961.0|3046.60009766|1|3047.80004883|3
CFFEX|IF1811|1539913044.0|3046.80004883|2|2963.0|3046.0|1|3047.60009766|1
CFFEX|IF1811|1539913044.5|3047.80004883|5|2968.0|3046.60009766|1|3048.0|2
CFFEX|IF1811|1539913045.0|3047.80004883|0|2968.0|3046.60009766|1|3047.80004883|1
CFFEX|IF1811|1539913045.5|3047.80004883|1|2969.0|3046.60009766|1|3048.0|2
CFFEX|IF1811|1539913046.0|3046.80004883|2|2971.0|3046.80004883|1|3047.80004883|1
CFFEX|IF1811|1539913046.5|3047.80004883|1|2972.0|3047.80004883|2|3048.0|2
CFFEX|IF1811|1539913047.0|3047.80004883|3|2975.0|3046.60009766|1|3048.0|1
CFFEX|IF1811|1539913047.5|3047.80004883|2|2977.0|3047.80004883|1|3048.0|1
CFFEX|IF1811|1539913048.0|3047.80004883|8|2985.0|3046.19995117|1|3047.80004883|3
CFFEX|IF1811|1539913048.5|3046.19995117|1|2986.0|3046.0|2|3046.19995117|2
CFFEX|IF1811|1539913049.0|3046.39990234|4|2990.0|3046.39990234|3|3047.39990234|1
CFFEX|IF1811|1539913049.5|3047.39990234|1|2991.0|3047.39990234|2|3047.60009766|2
CFFEX|IF1811|1539913050.0|3047.39990234|2|2993.0|3046.19995117|3|3047.60009766|1
CFFEX|IF1811|1539913050.5|3047.39990234|0|2993.0|3046.19995117|4|3047.0|1
CFFEX|IF1811|1539913051.0|3047.39990234|1|2994.0|3046.19995117|4|3047.39990234|2
CFFEX|IF1811|1539913051.5|3046.39990234|4|2998.0|3046.19995117|4|3047.60009766|1
CFFEX|IF1811|1539913052.0|3046.80004883|2|3000.0|3047.39990234|1|3047.60009766|1
CFFEX|IF1811|1539913052.5|3046.19995117|6|3006.0|3046.0|1|3047.39990234|4
CFFEX|IF1811|1539913053.0|3046.19995117|0|3006.0|3046.39990234|1|3047.19995117|1
CFFEX|IF1811|1539913053.5|3046.39990234|2|3008.0|3046.0|1|3046.39990234|1
CFFEX|IF1811|1539913054.0|3046.39990234|1|3009.0|3046.0|1|3046.39990234|1
CFFEX|IF1811|1539913054.5|3046.19995117|1|3010.0|3046.0|1|3046.39990234|1
CFFEX|IF1811|1539913055.0|3046.39990234|1|3011.0|3046.39990234|1|3047.39990234|1
CFFEX|IF1811|1539913055.5|3046.39990234|0|3011.0|3046.39990234|1|3046.60009766|1
CFFEX|IF1811|1539913056.0|3045.80004883|3|3014.0|3045.80004883|1|3047.19995117|1
CFFEX|IF1811|1539913056.5|3046.19995117|1|3015.0|3045.80004883|1|3047.0|2
CFFEX|IF1811|1539913057.0|3045.80004883|1|3016.0|3045.19995117|1|3045.80004883|2
CFFEX|IF1811|1539913057.5|3045.80004883|3|3019.0|3045.80004883|1|3047.0|2
CFFEX|IF1811|1539913058.0|3045.80004883|0|3019.0|3045.19995117|1|3047.0|1
CFFEX|IF1811|1539913058.5|3045.19995117|3|3022.0|3044.19995117|1|3045.19995117|1
CFFEX|IF1811|1539913059.0|3045.19995117|2|3024.0|3045.39990234|2|3046.60009766|1
CFFEX|IF1811|1539913059.5|3046.60009766|1|3025.0|3044.39990234|1|3045.39990234|1
CFFEX|IF1811|1539913060.0|3044.19995117|4|3029.0|3044.19995117|1|3046.0|1
CFFEX|IF1811|1539913060.5|3044.19995117|0|3029.0|3045.80004883|1|3046.0|2
CFFEX|IF1811|1539913061.0|3045.80004883|1|3030.0|3044.60009766|1|3045.60009766|2
CFFEX|IF1811|1539913061.5|3045.80004883|0|3030.0|3044.60009766|1|3045.80004883|2
CFFEX|IF1811|1539913062.0|3045.80004883|0|3030.0|3044.60009766|1|3045.80004883|2
CFFEX|IF1811|1539913062.5|3045.80004883|2|3032.0|3044.39990234|1|3044.60009766|1
CFFEX|IF1811|1539913063.0|3044.60009766|1|3033.0|3045.0|1|3045.39990234|1
CFFEX|IF1811|1539913063.5|3045.39990234|1|3034.0|3044.60009766|3|3045.80004883|1
CFFEX|IF1811|1539913064.5|3045.80004883|1|3035.0|3044.60009766|4|3046.0|2
CFFEX|IF1811|1539913065.0|3045.0|1|3036.0|3044.80004883|1|3046.0|2
CFFEX|IF1811|1539913065.5|3045.0|0|3036.0|3044.80004883|2|3046.0|2
CFFEX|IF1811|1539913066.0|3045.0|1|3037.0|3044.80004883|3|3045.80004883|1
CFFEX|IF1811|1539913066.5|3045.0|0|3037.0|3044.80004883|3|3045.60009766|1
CFFEX|IF1811|1539913067.0|3045.0|0|3037.0|3044.80004883|3|3045.60009766|2
CFFEX|IF1811|1539913067.5|3045.0|0|3037.0|3045.0|1|3045.60009766|3
CFFEX|IF1811|1539913068.0|3045.0|4|3041.0|3044.60009766|2|3045.0|1
CFFEX|IF1811|1539913068.5|3044.60009766|1|3042.0|3044.80004883|1|3045.0|2
CFFEX|IF1811|1539913069.0|3044.60009766|4|3046.0|3044.80004883|1|3045.0|2
CFFEX|IF1811|1539913069.5|3044.80004883|1|3047.0|3044.39990234|1|3044.60009766|1
CFFEX|IF1811|1539913070.0|3044.80004883|4|3051.0|3044.19995117|1|3044.80004883|1
CFFEX|IF1811|1539913070.5|3045.0|3|3054.0|3044.60009766|1|3045.39990234|1
CFFEX|IF1811|1539913071.0|3045.0|1|3055.0|3044.19995117|1|3045.39990234|2
CFFEX|IF1811|1539913071.5|3044.80004883|1|3056.0|3044.19995117|1|3044.80004883|1
CFFEX|IF1811|1539913072.0|3044.80004883|1|3057.0|3044.39990234|2|3045.39990234|2
CFFEX|IF1811|1539913072.5|3044.80004883|0|3057.0|3044.39990234|3|3045.39990234|2
CFFEX|IF1811|1539913073.0|3044.80004883|0|3057.0|3044.39990234|3|3045.39990234|2
CFFEX|IF1811|1539913073.5|3044.80004883|1|3058.0|3044.39990234|3|3045.39990234|2
CFFEX|IF1811|1539913074.0|3045.0|1|3059.0|3044.39990234|2|3045.39990234|2
CFFEX|IF1811|1539913074.5|3044.39990234|2|3061.0|3044.39990234|1|3045.39990234|3
CFFEX|IF1811|1539913075.0|3045.39990234|2|3063.0|3044.39990234|1|3044.80004883|8
CFFEX|IF1811|1539913075.5|3044.80004883|1|3064.0|3044.39990234|2|3044.80004883|7
CFFEX|IF1811|1539913076.0|3044.39990234|3|3067.0|3044.19995117|2|3044.80004883|7
CFFEX|IF1811|1539913076.5|3044.19995117|1|3068.0|3044.19995117|1|3044.80004883|9
CFFEX|IF1811|1539913077.0|3044.19995117|1|3069.0|3044.0|2|3044.60009766|1
CFFEX|IF1811|1539913077.5|3044.0|2|3071.0|3043.80004883|1|3044.39990234|1
CFFEX|IF1811|1539913078.0|3044.39990234|2|3073.0|3044.39990234|1|3044.80004883|9
CFFEX|IF1811|1539913078.5|3044.80004883|4|3077.0|3043.80004883|1|3044.19995117|1
CFFEX|IF1811|1539913079.0|3044.19995117|1|3078.0|3044.19995117|2|3044.80004883|8
CFFEX|IF1811|1539913079.5|3044.19995117|1|3079.0|3044.19995117|1|3044.80004883|8
CFFEX|IF1811|1539913080.0|3044.19995117|0|3079.0|3043.80004883|1|3044.80004883|8
CFFEX|IF1811|1539913080.5|3044.19995117|0|3079.0|3043.80004883|1|3044.80004883|8
CFFEX|IF1811|1539913081.5|3044.19995117|0|3079.0|3044.0|1|3044.39990234|1
CFFEX|IF1811|1539913082.0|3044.39990234|1|3080.0|3044.0|1|3044.60009766|1
CFFEX|IF1811|1539913082.5|3044.60009766|3|3083.0|3044.19995117|1|3044.80004883|8
CFFEX|IF1811|1539913083.0|3044.60009766|0|3083.0|3044.60009766|1|3044.80004883|8
CFFEX|IF1811|1539913083.5|3044.80004883|2|3085.0|3044.19995117|1|3044.80004883|5
CFFEX|IF1811|1539913084.0|3044.19995117|1|3086.0|3044.0|1|3044.60009766|9
CFFEX|IF1811|1539913084.5|3044.0|1|3087.0|3043.60009766|2|3044.60009766|8
CFFEX|IF1811|1539913085.0|3043.60009766|2|3089.0|3043.19995117|1|3044.39990234|1
CFFEX|IF1811|1539913085.5|3043.19995117|1|3090.0|3042.39990234|1|3044.19995117|1
CFFEX|IF1811|1539913086.0|3042.60009766|2|3092.0|3042.39990234|1|3044.0|1
CFFEX|IF1811|1539913086.5|3044.0|2|3094.0|3043.39990234|1|3044.19995117|1
CFFEX|IF1811|1539913087.0|3043.39990234|1|3095.0|3043.0|1|3043.60009766|2
CFFEX|IF1811|1539913087.5|3044.19995117|2|3097.0|3043.0|2|3044.19995117|3
CFFEX|IF1811|1539913088.0|3044.19995117|0|3097.0|3043.39990234|1|3044.0|1
CFFEX|IF1811|1539913088.5|3044.19995117|1|3098.0|3043.39990234|1|3044.19995117|3
CFFEX|IF1811|1539913089.0|3044.19995117|1|3099.0|3043.39990234|1|3044.19995117|2
CFFEX|IF1811|1539913089.5|3044.19995117|1|3100.0|3043.39990234|2|3044.19995117|1
CFFEX|IF1811|1539913090.0|3044.60009766|2|3102.0|3043.80004883|1|3044.60009766|8
CFFEX|IF1811|1539913090.5|3044.60009766|0|3102.0|3044.0|1|3044.60009766|8
CFFEX|IF1811|1539913091.0|3044.60009766|0|3102.0|3044.0|3|3044.60009766|8
CFFEX|IF1811|1539913091.5|3044.60009766|1|3103.0|3044.0|3|3044.60009766|7
CFFEX|IF1811|1539913092.0|3044.60009766|0|3103.0|3044.19995117|5|3044.60009766|7
CFFEX|IF1811|1539913092.5|3044.80004883|8|3111.0|3044.39990234|2|3044.80004883|4
CFFEX|IF1811|1539913093.0|3045.80004883|6|3117.0|3045.0|1|3046.0|1
CFFEX|IF1811|1539913093.5|3046.0|1|3118.0|3046.39990234|1|3047.0|1
CFFEX|IF1811|1539913094.0|3047.0|5|3123.0|3046.60009766|2|3047.80004883|2
CFFEX|IF1811|1539913094.5|3048.19995117|4|3127.0|3046.80004883|5|3048.60009766|1
CFFEX|IF1811|1539913095.0|3047.0|1|3128.0|3047.60009766|1|3048.39990234|2
CFFEX|IF1811|1539913095.5|3047.60009766|2|3130.0|3047.0|3|3048.19995117|1
CFFEX|IF1811|1539913096.0|3047.0|1|3131.0|3047.0|2|3048.0|1
CFFEX|IF1811|1539913096.5|3046.80004883|4|3135.0|3045.19995117|1|3047.80004883|1
CFFEX|IF1811|1539913097.0|3047.39990234|1|3136.0|3047.0|1|3047.60009766|3
CFFEX|IF1811|1539913097.5|3047.0|3|3139.0|3045.80004883|1|3047.0|5
CFFEX|IF1811|1539913098.0|3047.0|1|3140.0|3046.0|1|3047.0|3
CFFEX|IF1811|1539913098.5|3046.39990234|1|3141.0|3046.0|1|3046.80004883|1
CFFEX|IF1811|1539913099.0|3046.80004883|1|3142.0|3046.0|1|3047.0|1
CFFEX|IF1811|1539913099.5|3047.0|1|3143.0|3046.0|1|3047.19995117|1
CFFEX|IF1811|1539913100.0|3047.19995117|4|3147.0|3044.80004883|2|3048.19995117|1
CFFEX|IF1811|1539913100.5|3047.80004883|1|3148.0|3045.19995117|7|3047.80004883|4
CFFEX|IF1811|1539913101.0|3046.80004883|1|3149.0|3045.60009766|1|3047.60009766|1
CFFEX|IF1811|1539913101.5|3046.80004883|0|3149.0|3047.19995117|1|3047.60009766|1
CFFEX|IF1811|1539913102.0|3046.80004883|0|3149.0|3047.60009766|1|3048.60009766|1
CFFEX|IF1811|1539913102.5|3047.0|3|3152.0|3046.80004883|1|3048.19995117|1
CFFEX|IF1811|1539913103.0|3047.0|0|3152.0|3046.80004883|1|3048.0|1
CFFEX|IF1811|1539913103.5|3047.0|0|3152.0|3047.60009766|1|3048.0|1
CFFEX|IF1811|1539913104.0|3047.60009766|1|3153.0|3047.19995117|1|3047.60009766|1
CFFEX|IF1811|1539913104.5|3048.60009766|3|3156.0|3047.19995117|1|3048.60009766|4
CFFEX|IF1811|1539913105.0|3048.60009766|0|3156.0|3047.39990234|1|3047.80004883|1
CFFEX|IF1811|1539913105.5|3048.39990234|3|3159.0|3047.60009766|1|3048.39990234|1
CFFEX|IF1811|1539913106.0|3047.60009766|2|3161.0|3047.39990234|1|3048.60009766|4
CFFEX|IF1811|1539913106.5|3047.60009766|0|3161.0|3048.19995117|1|3048.39990234|1
CFFEX|IF1811|1539913107.0|3048.39990234|1|3162.0|3048.19995117|1|3048.39990234|1
CFFEX|IF1811|1539913107.5|3048.19995117|4|3166.0|3047.60009766|1|3048.60009766|5
CFFEX|IF1811|1539913108.0|3047.80004883|3|3169.0|3047.60009766|1|3048.39990234|1
CFFEX|IF1811|1539913108.5|3047.80004883|1|3170.0|3047.60009766|1|3048.19995117|1
CFFEX|IF1811|1539913109.0|3047.19995117|2|3172.0|3047.0|1|3047.60009766|1
CFFEX|IF1811|1539913109.5|3047.60009766|3|3175.0|3047.0|1|3047.60009766|1
CFFEX|IF1811|1539913110.0|3047.80004883|3|3178.0|3047.19995117|1|3048.19995117|1
CFFEX|IF1811|1539913110.5|3047.19995117|1|3179.0|3045.19995117|5|3048.39990234|1
CFFEX|IF1811|1539913111.0|3047.19995117|0|3179.0|3047.0|2|3047.19995117|1
CFFEX|IF1811|1539913111.5|3047.60009766|2|3181.0|3047.19995117|1|3048.19995117|3
CFFEX|IF1811|1539913112.0|3047.19995117|1|3182.0|3047.0|1|3048.0|1
CFFEX|IF1811|1539913112.5|3047.19995117|0|3182.0|3047.0|1|3048.0|1
CFFEX|IF1811|1539913113.0|3047.0|1|3183.0|3046.0|1|3047.80004883|3
CFFEX|IF1811|1539913113.5|3047.0|0|3183.0|3046.80004883|1|3047.60009766|1
CFFEX|IF1811|1539913114.0|3047.39990234|3|3186.0|3046.19995117|2|3047.60009766|2
CFFEX|IF1811|1539913114.5|3047.39990234|0|3186.0|3046.39990234|2|3047.60009766|2
CFFEX|IF1811|1539913115.0|3047.39990234|0|3186.0|3046.60009766|1|3047.60009766|2
CFFEX|IF1811|1539913115.5|3047.39990234|0|3186.0|3046.60009766|1|3047.19995117|1
CFFEX|IF1811|1539913116.0|3047.60009766|3|3189.0|3047.19995117|1|3047.60009766|1
CFFEX|IF1811|1539913116.5|3047.60009766|1|3190.0|3047.60009766|1|3048.39990234|2
CFFEX|IF1811|1539913117.0|3048.39990234|1|3191.0|3047.39990234|4|3048.19995117|1
CFFEX|IF1811|1539913117.5|3047.39990234|1|3192.0|3047.39990234|3|3048.0|1
CFFEX|IF1811|1539913118.0|3048.39990234|3|3195.0|3048.39990234|7|3048.60009766|4
CFFEX|IF1811|1539913118.5|3048.39990234|8|3203.0|3047.39990234|3|3048.0|1
CFFEX|IF1811|1539913119.0|3048.0|3|3206.0|3047.39990234|2|3048.19995117|1
CFFEX|IF1811|1539913119.5|3047.39990234|1|3207.0|3047.39990234|1|3048.19995117|1
CFFEX|IF1811|1539913120.0|3047.0|2|3209.0|3046.60009766|5|3047.80004883|1
CFFEX|IF1811|1539913121.0|3047.0|0|3209.0|3046.60009766|5|3047.80004883|1
CFFEX|IF1811|1539913121.5|3047.0|0|3209.0|3046.80004883|2|3047.80004883|1
CFFEX|IF1811|1539913122.0|3047.80004883|1|3210.0|3046.80004883|2|3048.0|1
CFFEX|IF1811|1539913122.5|3047.80004883|0|3210.0|3047.60009766|1|3048.0|1
CFFEX|IF1811|1539913123.0|3048.0|2|3212.0|3048.0|1|3048.19995117|1
CFFEX|IF1811|1539913123.5|3048.19995117|2|3214.0|3047.60009766|2|3048.39990234|3
CFFEX|IF1811|1539913124.0|3048.39990234|3|3217.0|3048.19995117|1|3048.39990234|2
CFFEX|IF1811|1539913124.5|3048.39990234|6|3223.0|3048.19995117|1|3048.60009766|3
CFFEX|IF1811|1539913125.0|3048.19995117|1|3224.0|3047.0|3|3047.60009766|1
CFFEX|IF1811|1539913125.5|3047.80004883|2|3226.0|3047.60009766|4|3048.39990234|1
CFFEX|IF1811|1539913126.0|3047.60009766|1|3227.0|3047.60009766|2|3048.19995117|1
CFFEX|IF1811|1539913126.5|3047.0|3|3230.0|3047.0|2|3048.19995117|1
CFFEX|IF1811|1539913127.0|3047.0|0|3230.0|3047.19995117|1|3048.0|6
CFFEX|IF1811|1539913127.5|3047.0|0|3230.0|3047.39990234|1|3047.60009766|1
CFFEX|IF1811|1539913128.0|3047.60009766|3|3233.0|3047.0|2|3047.80004883|1
CFFEX|IF1811|1539913128.5|3047.80004883|1|3234.0|3047.80004883|2|3048.0|5
CFFEX|IF1811|1539913129.0|3047.80004883|2|3236.0|3047.39990234|1|3047.60009766|3
CFFEX|IF1811|1539913129.5|3047.39990234|10|3246.0|3047.60009766|1|3047.80004883|4
CFFEX|IF1811|1539913130.0|3047.60009766|2|3248.0|3046.80004883|12|3047.60009766|2
CFFEX|IF1811|1539913130.5|3047.60009766|1|3249.0|3046.80004883|12|3047.80004883|3
CFFEX|IF1811|1539913131.0|3047.60009766|2|3251.0|3047.0|1|3047.80004883|2
CFFEX|IF1811|1539913131.5|3047.80004883|1|3252.0|3047.0|1|3047.80004883|1
CFFEX|IF1811|1539913132.0|3048.0|2|3254.0|3047.39990234|1|3048.0|2
CFFEX|IF1811|1539913132.5|3048.60009766|7|3261.0|3048.0|2|3049.0|3
CFFEX|IF1811|1539913133.0|3048.60009766|0|3261.0|3048.0|2|3049.0|3
CFFEX|IF1811|1539913133.5|3049.0|4|3265.0|3049.0|1|3049.39990234|1
CFFEX|IF1811|1539913134.0|3049.0|1|3266.0|3047.39990234|1|3049.19995117|2
CFFEX|IF1811|1539913134.5|3049.0|0|3266.0|3047.80004883|1|3048.0|1
CFFEX|IF1811|1539913135.0|3048.39990234|1|3267.0|3048.39990234|1|3049.0|1
CFFEX|IF1811|1539913135.5|3048.39990234|1|3268.0|3049.0|1|3049.19995117|1
CFFEX|IF1811|1539913136.0|3048.39990234|2|3270.0|3048.0|1|3049.19995117|1
CFFEX|IF1811|1539913136.5|3049.19995117|1|3271.0|3047.80004883|1|3049.0|1
CFFEX|IF1811|1539913137.0|3049.19995117|0|3271.0|3048.0|1|3049.0|1
CFFEX|IF1811|1539913137.5|3049.19995117|0|3271.0|3048.0|2|3049.0|1
CFFEX|IF1811|1539913138.0|3049.19995117|1|3272.0|3048.19995117|1|3049.39990234|3
CFFEX|IF1811|1539913138.5|3049.19995117|0|3272.0|3048.39990234|1|3049.39990234|3
CFFEX|IF1811|1539913139.0|3049.19995117|0|3272.0|3048.39990234|1|3049.19995117|1
CFFEX|IF1811|1539913139.5|3049.19995117|0|3272.0|3048.39990234|1|3049.0|1
CFFEX|IF1811|1539913140.0|3048.39990234|1|3273.0|3048.60009766|1|3049.0|1
CFFEX|IF1811|1539913140.5|3048.39990234|3|3276.0|3048.0|1|3048.39990234|7
CFFEX|IF1811|1539913141.0|3048.39990234|3|3279.0|3048.19995117|2|3048.39990234|6
CFFEX|IF1811|1539913141.5|3048.19995117|1|3280.0|3048.19995117|1|3048.39990234|6
CFFEX|IF1811|1539913142.0|3048.0|5|3285.0|3047.39990234|1|3048.39990234|3
CFFEX|IF1811|1539913142.5|3048.39990234|1|3286.0|3047.39990234|1|3048.0|1
CFFEX|IF1811|1539913143.0|3048.19995117|2|3288.0|3047.39990234|1|3047.80004883|1
CFFEX|IF1811|1539913143.5|3047.80004883|1|3289.0|3047.19995117|1|3047.39990234|1
CFFEX|IF1811|1539913144.0|3047.39990234|2|3291.0|3047.80004883|1|3048.19995117|2
CFFEX|IF1811|1539913144.5|3047.80004883|2|3293.0|3047.39990234|1|3047.80004883|1
CFFEX|IF1811|1539913145.0|3047.80004883|2|3295.0|3047.19995117|2|3048.0|1
CFFEX|IF1811|1539913146.0|3046.80004883|3|3298.0|3046.80004883|11|3048.0|1
CFFEX|IF1811|1539913146.5|3047.80004883|1|3299.0|3047.0|1|3048.0|1
CFFEX|IF1811|1539913147.0|3047.80004883|0|3299.0|3047.0|1|3048.0|1
CFFEX|IF1811|1539913147.5|3047.80004883|0|3299.0|3047.0|1|3048.0|1
CFFEX|IF1811|1539913148.0|3048.19995117|2|3301.0|3047.0|1|3047.39990234|3
CFFEX|IF1811|1539913148.5|3047.39990234|3|3304.0|3047.80004883|1|3048.19995117|3
CFFEX|IF1811|1539913149.0|3047.39990234|4|3308.0|3047.19995117|1|3047.39990234|1
CFFEX|IF1811|1539913149.5|3048.19995117|3|3311.0|3047.80004883|1|3048.0|1
CFFEX|IF1811|1539913150.0|3047.80004883|2|3313.0|3047.80004883|1|3048.19995117|1
CFFEX|IF1811|1539913150.5|3047.80004883|0|3313.0|3047.60009766|1|3047.80004883|1
CFFEX|IF1811|1539913151.0|3047.80004883|1|3314.0|3047.60009766|1|3048.19995117|1
CFFEX|IF1811|1539913151.5|3047.60009766|2|3316.0|3047.19995117|1|3048.0|1
CFFEX|IF1811|1539913152.0|3047.60009766|1|3317.0|3047.19995117|1|3048.0|2
CFFEX|IF1811|1539913152.5|3047.60009766|0|3317.0|3047.19995117|1|3047.60009766|1
CFFEX|IF1811|1539913153.0|3047.80004883|3|3320.0|3046.80004883|11|3048.19995117|1
CFFEX|IF1811|1539913153.5|3047.80004883|0|3320.0|3047.0|2|3047.60009766|1
CFFEX|IF1811|1539913154.0|3047.80004883|0|3320.0|3046.80004883|11|3047.60009766|1
CFFEX|IF1811|1539913154.5|3047.80004883|0|3320.0|3046.80004883|11|3047.39990234|1
CFFEX|IF1811|1539913155.0|3047.80004883|0|3320.0|3047.0|1|3047.39990234|1
CFFEX|IF1811|1539913155.5|3047.80004883|1|3321.0|3047.0|1|3047.60009766|2
CFFEX|IF1811|1539913156.0|3047.0|1|3322.0|3047.0|2|3047.60009766|2
CFFEX|IF1811|1539913156.5|3047.0|1|3323.0|3047.0|1|3047.60009766|2
CFFEX|IF1811|1539913157.0|3047.0|1|3324.0|3046.80004883|11|3047.39990234|1
CFFEX|IF1811|1539913157.5|3046.80004883|2|3326.0|3046.80004883|10|3047.0|1
CFFEX|IF1811|1539913158.0|3046.80004883|2|3328.0|3046.80004883|8|3047.60009766|2
CFFEX|IF1811|1539913158.5|3046.80004883|4|3332.0|3046.80004883|6|3047.19995117|1
CFFEX|IF1811|1539913159.0|3047.0|7|3339.0|3046.60009766|5|3047.19995117|1
CFFEX|IF1811|1539913159.5|3047.0|0|3339.0|3046.60009766|5|3047.0|1
CFFEX|IF1811|1539913160.0|3047.0|1|3340.0|3046.60009766|4|3047.0|1
CFFEX|IF1811|1539913160.5|3046.60009766|1|3341.0|3046.60009766|3|3047.0|1
CFFEX|IF1811|1539913161.0|3046.60009766|3|3344.0|3046.19995117|2|3047.0|2
CFFEX|IF1811|1539913161.5|3047.0|2|3346.0|3046.19995117|2|3046.60009766|1
CFFEX|IF1811|1539913162.0|3047.0|0|3346.0|3046.19995117|2|3046.60009766|2
CFFEX|IF1811|1539913163.5|3046.19995117|1|3347.0|3046.19995117|1|3046.60009766|2
CFFEX|IF1811|1539913164.0|3046.19995117|3|3350.0|3045.19995117|1|3046.19995117|16
CFFEX|IF1811|1539913164.5|3045.19995117|1|3351.0|3045.0|3|3046.19995117|17
CFFEX|IF1811|1539913165.0|3045.19995117|0|3351.0|3045.19995117|3|3046.0|1
CFFEX|IF1811|1539913165.5|3045.19995117|0|3351.0|3045.19995117|4|3046.19995117|17
CFFEX|IF1811|1539913166.0|3045.39990234|1|3352.0|3045.39990234|1|3046.19995117|17
CFFEX|IF1811|1539913166.5|3045.39990234|2|3354.0|3045.19995117|2|3045.39990234|1
CFFEX|IF1811|1539913167.0|3045.39990234|1|3355.0|3045.39990234|2|3046.19995117|17
CFFEX|IF1811|1539913167.5|3045.39990234|0|3355.0|3045.60009766|1|3046.0|1
CFFEX|IF1811|1539913168.0|3045.19995117|2|3357.0|3045.19995117|1|3045.39990234|1
CFFEX|IF1811|1539913168.5|3045.19995117|1|3358.0|3045.0|3|3045.39990234|1
CFFEX|IF1811|1539913169.0|3044.80004883|4|3362.0|3044.60009766|1|3045.39990234|1
CFFEX|IF1811|1539913169.5|3044.60009766|1|3363.0|3044.19995117|5|3045.39990234|1
CFFEX|IF1811|1539913170.0|3045.0|1|3364.0|3044.19995117|5|3044.60009766|1
CFFEX|IF1811|1539913170.5|3045.0|1|3365.0|3044.39990234|1|3044.60009766|1
CFFEX|IF1811|1539913171.0|3044.60009766|1|3366.0|3044.39990234|1|3045.39990234|1
CFFEX|IF1811|1539913171.5|3045.19995117|1|3367.0|3044.80004883|1|3045.39990234|1
CFFEX|IF1811|1539913172.0|3044.80004883|2|3369.0|3044.60009766|1|3044.80004883|4
CFFEX|IF1811|1539913172.5|3044.80004883|3|3372.0|3044.19995117|5|3044.80004883|3
CFFEX|IF1811|1539913173.0|3044.80004883|0|3372.0|3044.19995117|5|3044.80004883|3
CFFEX|IF1811|1539913173.5|3044.19995117|1|3373.0|3044.19995117|4|3044.80004883|3
CFFEX|IF1811|1539913174.0|3044.80004883|3|3376.0|3044.19995117|4|3045.39990234|1
CFFEX|IF1811|1539913174.5|3044.80004883|2|3378.0|3045.19995117|1|3045.39990234|1
CFFEX|IF1811|1539913175.0|3045.19995117|1|3379.0|3044.19995117|4|3045.39990234|1
CFFEX|IF1811|1539913175.5|3045.19995117|0|3379.0|3045.19995117|1|3045.39990234|1
CFFEX|IF1811|1539913176.0|3044.60009766|1|3380.0|3044.39990234|1|3045.39990234|1
CFFEX|IF1811|1539913176.5|3044.60009766|0|3380.0|3045.19995117|1|3045.39990234|1
CFFEX|IF1811|1539913177.0|3045.39990234|1|3381.0|3045.39990234|2|3045.60009766|2
CFFEX|IF1811|1539913177.5|3045.39990234|2|3383.0|3044.39990234|1|3045.19995117|1
CFFEX|IF1811|1539913178.0|3044.60009766|4|3387.0|3044.39990234|1|3045.19995117|1
CFFEX|IF1811|1539913178.5|3045.39990234|3|3390.0|3045.39990234|2|3045.60009766|2
CFFEX|IF1811|1539913179.0|3045.39990234|2|3392.0|3045.39990234|1|3045.60009766|2
CFFEX|IF1811|1539913179.5|3045.39990234|1|3393.0|3044.60009766|1|3045.39990234|1
CFFEX|IF1811|1539913180.0|3045.39990234|0|3393.0|3044.80004883|1|3045.39990234|4
CFFEX|IF1811|1539913180.5|3045.39990234|0|3393.0|3044.80004883|4|3045.39990234|4
CFFEX|IF1811|1539913181.0|3045.0|1|3394.0|3044.80004883|4|3045.39990234|4
CFFEX|IF1811|1539913181.5|3045.0|0|3394.0|3044.80004883|4|3045.39990234|5
CFFEX|IF1811|1539913182.0|3045.19995117|1|3395.0|3045.0|1|3045.39990234|5
CFFEX|IF1811|1539913182.5|3045.0|1|3396.0|3044.80004883|4|3045.19995117|1
CFFEX|IF1811|1539913183.0|3044.80004883|4|3400.0|3044.39990234|1|3045.0|1
CFFEX|IF1811|1539913183.5|3044.80004883|0|3400.0|3044.39990234|1|3045.19995117|1
CFFEX|IF1811|1539913184.0|3045.19995117|1|3401.0|3044.39990234|1|3045.39990234|4
CFFEX|IF1811|1539913185.0|3045.39990234|1|3402.0|3044.39990234|1|3045.39990234|3
CFFEX|IF1811|1539913185.5|3045.39990234|0|3402.0|3044.60009766|1|3044.80004883|11
CFFEX|IF1811|1539913186.0|3044.39990234|3|3405.0|3044.19995117|4|3044.80004883|12
CFFEX|IF1811|1539913186.5|3044.80004883|2|3407.0|3044.60009766|1|3044.80004883|11
CFFEX|IF1811|1539913187.0|3044.60009766|1|3408.0|3044.19995117|4|3044.39990234|1
CFFEX|IF1811|1539913187.5|3044.60009766|0|3408.0|3044.19995117|4|3044.39990234|2
CFFEX|IF1811|1539913188.0|3044.39990234|4|3412.0|3044.19995117|1|3044.39990234|1
CFFEX|IF1811|1539913188.5|3044.0|3|3415.0|3044.0|5|3044.60009766|2
CFFEX|IF1811|1539913189.0|3044.0|4|3419.0|3044.0|1|3044.19995117|2
CFFEX|IF1811|1539913189.5|3044.0|1|3420.0|3043.39990234|1|3043.60009766|1
CFFEX|IF1811|1539913190.0|3044.0|1|3421.0|3043.60009766|2|3043.80004883|1
CFFEX|IF1811|1539913190.5|3043.60009766|1|3422.0|3043.60009766|1|3043.80004883|1
CFFEX|IF1811|1539913191.0|3043.60009766|0|3422.0|3043.60009766|1|3043.80004883|1
CFFEX|IF1811|1539913191.5|3043.60009766|1|3423.0|3043.39990234|1|3044.0|1
CFFEX|IF1811|1539913192.0|3043.60009766|0|3423.0|3043.39990234|1|3044.19995117|1
CFFEX|IF1811|1539913192.5|3043.60009766|0|3423.0|3043.39990234|1|3043.60009766|1
CFFEX|IF1811|1539913193.0|3043.60009766|1|3424.0|3043.39990234|1|3044.39990234|1
CFFEX|IF1811|1539913193.5|3044.19995117|1|3425.0|3043.60009766|1|3044.39990234|1
CFFEX|IF1811|1539913194.0|3044.19995117|0|3425.0|3043.60009766|1|3044.0|1
CFFEX|IF1811|1539913194.5|3044.19995117|1|3426.0|3043.60009766|1|3044.19995117|1
CFFEX|IF1811|1539913195.0|3044.19995117|0|3426.0|3044.0|1|3044.39990234|1
CFFEX|IF1811|1539913195.5|3044.19995117|0|3426.0|3044.39990234|2|3044.60009766|2
CFFEX|IF1811|1539913196.0|3044.39990234|2|3428.0|3044.0|1|3044.60009766|2
CFFEX|IF1811|1539913197.0|3044.60009766|2|3430.0|3044.39990234|1|3044.60009766|1
CFFEX|IF1811|1539913197.5|3044.80004883|3|3433.0|3044.19995117|1|3044.80004883|9
CFFEX|IF1811|1539913198.0|3044.80004883|0|3433.0|3044.19995117|1|3044.60009766|1
CFFEX|IF1811|1539913198.5|3044.60009766|1|3434.0|3044.19995117|1|3044.80004883|9
CFFEX|IF1811|1539913199.0|3044.80004883|2|3436.0|3044.39990234|1|3044.80004883|7
CFFEX|IF1811|1539913199.5|3044.80004883|2|3438.0|3044.60009766|1|3044.80004883|5
CFFEX|IF1811|1539913200.0|3045.0|6|3444.0|3044.80004883|1|3045.39990234|5
CFFEX|IF1811|1539913200.5|3045.60009766|6|3450.0|3045.39990234|1|3045.60009766|1
CFFEX|IF1811|1539913201.0|3045.60009766|1|3451.0|3045.60009766|1|3046.19995117|5
CFFEX|IF1811|1539913201.5|3046.19995117|5|3456.0|3045.80004883|1|3047.0|1
CFFEX|IF1811|1539913202.0|3046.80004883|2|3458.0|3045.80004883|1|3047.0|1
CFFEX|IF1811|1539913202.5|3047.0|3|3461.0|3046.0|1|3047.60009766|1
CFFEX|IF1811|1539913203.0|3047.60009766|1|3462.0|3047.60009766|1|3047.80004883|1
CFFEX|IF1811|1539913203.5|3047.60009766|6|3468.0|3046.19995117|1|3047.80004883|1
CFFEX|IF1811|1539913204.0|3047.60009766|0|3468.0|3046.39990234|2|3047.60009766|4
CFFEX|IF1811|1539913204.5|3047.60009766|3|3471.0|3046.80004883|1|3047.60009766|3
CFFEX|IF1811|1539913205.0|3047.60009766|3|3474.0|3047.80004883|1|3048.0|1
CFFEX|IF1811|1539913205.5|3047.80004883|3|3477.0|3048.0|2|3048.19995117|1
CFFEX|IF1811|1539913206.0|3048.0|5|3482.0|3048.0|1|3048.39990234|1
CFFEX|IF1811|1539913206.5|3048.19995117|3|3485.0|3048.39990234|2|3049.0|5
CFFEX|IF1811|1539913207.0|3048.39990234|3|3488.0|3046.80004883|1|3048.39990234|1
CFFEX|IF1811|1539913207.5|3049.0|5|3493.0|3047.39990234|1|3049.0|1
CFFEX|IF1811|1539913208.0|3049.0|0|3493.0|3047.60009766|2|3049.0|1
CFFEX|IF1811|1539913208.5|3047.80004883|1|3494.0|3048.39990234|1|3049.0|1
CFFEX|IF1811|1539913209.0|3049.0|1|3495.0|3049.0|5|3049.39990234|2
CFFEX|IF1811|1539913209.5|3049.0|6|3501.0|3049.39990234|1|3049.60009766|1
CFFEX|IF1811|1539913210.0|3050.0|3|3504.0|3050.0|1|3050.60009766|1
CFFEX|IF1811|1539913210.5|3049.80004883|5|3509.0|3050.80004883|1|3052.0|2
CFFEX|IF1811|1539913211.0|3050.60009766|2|3511.0|3050.39990234|2|3051.60009766|2
CFFEX|IF1811|1539913211.5|3050.80004883|5|3516.0|3049.60009766|2|3051.60009766|1
CFFEX|IF1811|1539913212.0|3049.60009766|6|3522.0|3049.60009766|1|3051.39990234|1
CFFEX|IF1811|1539913212.5|3050.60009766|5|3527.0|3050.0|1|3050.80004883|1
CFFEX|IF1811|1539913213.0|3051.19995117|3|3530.0|3050.80004883|1|3051.19995117|3
CFFEX|IF1811|1539913213.5|3051.0|4|3534.0|3050.39990234|1|3052.0|1
CFFEX|IF1811|1539913214.0|3052.0|3|3537.0|3051.39990234|1|3052.39990234|6
CFFEX|IF1811|1539913214.5|3052.0|0|3537.0|3051.39990234|1|3052.0|1
CFFEX|IF1811|1539913215.0|3051.60009766|2|3539.0|3051.39990234|1|3052.39990234|6
CFFEX|IF1811|1539913215.5|3052.39990234|4|3543.0|3052.0|1|3052.19995117|1
CFFEX|IF1811|1539913216.0|3052.39990234|8|3551.0|3051.39990234|1|3052.39990234|1
CFFEX|IF1811|1539913216.5|3052.39990234|2|3553.0|3052.39990234|3|3052.60009766|1
CFFEX|IF1811|1539913217.0|3052.80004883|4|3557.0|3052.39990234|4|3053.0|3
CFFEX|IF1811|1539913217.5|3053.0|3|3560.0|3052.80004883|2|3053.80004883|3
CFFEX|IF1811|1539913218.0|3053.0|4|3564.0|3052.80004883|2|3053.80004883|3
CFFEX|IF1811|1539913218.5|3053.0|0|3564.0|3052.80004883|2|3053.80004883|3
CFFEX|IF1811|1539913219.0|3053.60009766|4|3568.0|3052.80004883|1|3053.80004883|2
CFFEX|IF1811|1539913219.5|3053.80004883|2|3570.0|3053.0|2|3053.80004883|1
CFFEX|IF1811|1539913220.0|3053.80004883|2|3572.0|3053.19995117|1|3053.60009766|1
CFFEX|IF1811|1539913220.5|3053.60009766|3|3575.0|3053.19995117|3|3054.60009766|5
CFFEX|IF1811|1539913221.0|3053.19995117|1|3576.0|3053.19995117|1|3053.39990234|1
CFFEX|IF1811|1539913221.5|3053.39990234|1|3577.0|3053.19995117|1|3053.60009766|3
CFFEX|IF1811|1539913222.0|3053.0|3|3580.0|3053.0|1|3053.19995117|1
CFFEX|IF1811|1539913222.5|3053.0|3|3583.0|3052.60009766|1|3053.0|1
CFFEX|IF1811|1539913223.0|3052.39990234|6|3589.0|3052.39990234|4|3052.60009766|1
CFFEX|IF1811|1539913223.5|3052.60009766|9|3598.0|3051.60009766|1|3052.60009766|1
CFFEX|IF1811|1539913224.0|3052.60009766|8|3606.0|3049.80004883|1|3051.60009766|1
CFFEX|IF1811|1539913224.5|3051.60009766|2|3608.0|3051.60009766|1|3052.80004883|1
CFFEX|IF1811|1539913225.0|3051.60009766|1|3609.0|3052.19995117|1|3052.60009766|1
CFFEX|IF1811|1539913225.5|3052.60009766|2|3611.0|3052.39990234|2|3052.80004883|1
CFFEX|IF1811|1539913226.0|3052.80004883|2|3613.0|3052.39990234|1|3053.19995117|2
CFFEX|IF1811|1539913226.5|3052.80004883|1|3614.0|3052.60009766|1|3053.19995117|2
CFFEX|IF1811|1539913227.0|3053.0|2|3616.0|3052.80004883|2|3053.19995117|2
CFFEX|IF1811|1539913227.5|3053.19995117|2|3618.0|3053.19995117|1|3053.39990234|1
CFFEX|IF1811|1539913228.0|3053.80004883|3|3621.0|3053.39990234|2|3054.60009766|6
CFFEX|IF1811|1539913228.5|3053.39990234|3|3624.0|3053.60009766|1|3054.60009766|6
CFFEX|IF1811|1539913229.0|3054.39990234|3|3627.0|3053.60009766|2|3054.60009766|4
CFFEX|IF1811|1539913229.5|3054.60009766|3|3630.0|3053.60009766|1|3054.60009766|2
CFFEX|IF1811|1539913230.0|3054.80004883|4|3634.0|3054.60009766|1|3054.80004883|1
CFFEX|IF1811|1539913230.5|3055.19995117|4|3638.0|3054.60009766|1|3055.80004883|3
CFFEX|IF1811|1539913231.0|3056.80004883|9|3647.0|3057.0|38|3057.80004883|2
CFFEX|IF1811|1539913231.5|3057.0|16|3663.0|3057.19995117|2|3057.39990234|1
CFFEX|IF1811|1539913232.0|3057.0|10|3673.0|3057.0|29|3057.19995117|1
CFFEX|IF1811|1539913232.5|3057.60009766|8|3681.0|3057.0|27|3058.0|2
CFFEX|IF1811|1539913233.0|3057.80004883|10|3691.0|3057.0|20|3058.19995117|1
CFFEX|IF1811|1539913233.5|3057.0|20|3711.0|3057.0|3|3057.80004883|1
CFFEX|IF1811|1539913234.0|3055.19995117|8|3719.0|3055.0|3|3057.0|7
CFFEX|IF1811|1539913234.5|3057.0|9|3728.0|3055.19995117|2|3056.60009766|2
CFFEX|IF1811|1539913235.0|3055.60009766|5|3733.0|3055.60009766|3|3057.19995117|1
CFFEX|IF1811|1539913235.5|3057.0|4|3737.0|3056.0|1|3056.60009766|1
CFFEX|IF1811|1539913236.0|3056.80004883|4|3741.0|3056.60009766|3|3058.0|1
CFFEX|IF1811|1539913236.5|3058.0|1|3742.0|3058.0|1|3058.80004883|6
CFFEX|IF1811|1539913237.0|3058.0|5|3747.0|3058.39990234|1|3058.60009766|1
CFFEX|IF1811|1539913237.5|3058.60009766|5|3752.0|3058.60009766|1|3058.80004883|6
CFFEX|IF1811|1539913238.0|3059.80004883|12|3764.0|3058.80004883|1|3059.0|1
CFFEX|IF1811|1539913238.5|3060.0|4|3768.0|3059.39990234|2|3060.0|5
CFFEX|IF1811|1539913239.0|3059.39990234|10|3778.0|3059.0|3|3059.19995117|1
CFFEX|IF1811|1539913239.5|3059.19995117|5|3783.0|3059.19995117|1|3061.0|3
CFFEX|IF1811|1539913240.0|3059.39990234|7|3790.0|3059.0|1|3060.0|2
CFFEX|IF1811|1539913240.5|3059.0|2|3792.0|3058.0|1|3058.80004883|1
CFFEX|IF1811|1539913241.0|3058.80004883|2|3794.0|3058.0|1|3059.0|1
CFFEX|IF1811|1539913241.5|3058.80004883|0|3794.0|3058.0|2|3058.60009766|1
CFFEX|IF1811|1539913242.0|3058.60009766|2|3796.0|3058.19995117|1|3058.80004883|2
CFFEX|IF1811|1539913242.5|3058.60009766|4|3800.0|3058.19995117|1|3059.0|1
CFFEX|IF1811|1539913243.0|3059.0|2|3802.0|3058.80004883|2|3059.39990234|1
CFFEX|IF1811|1539913243.5|3059.60009766|2|3804.0|3059.39990234|1|3060.0|4
CFFEX|IF1811|1539913244.0|3059.80004883|7|3811.0|3058.80004883|3|3060.19995117|3
CFFEX|IF1811|1539913244.5|3059.0|4|3815.0|3059.0|4|3061.0|3
CFFEX|IF1811|1539913245.0|3060.0|4|3819.0|3059.19995117|1|3060.0|1
CFFEX|IF1811|1539913245.5|3059.39990234|2|3821.0|3059.39990234|2|3060.80004883|1
CFFEX|IF1811|1539913246.0|3059.39990234|2|3823.0|3059.39990234|1|3060.19995117|1
CFFEX|IF1811|1539913246.5|3059.39990234|1|3824.0|3058.80004883|3|3059.80004883|1
CFFEX|IF1811|1539913247.0|3058.80004883|3|3827.0|3058.0|3|3059.80004883|1
CFFEX|IF1811|1539913247.5|3059.60009766|1|3828.0|3058.0|4|3059.39990234|1
CFFEX|IF1811|1539913248.0|3058.0|1|3829.0|3058.0|3|3059.39990234|1
CFFEX|IF1811|1539913248.5|3058.0|0|3829.0|3058.0|3|3059.39990234|1
CFFEX|IF1811|1539913249.0|3058.0|0|3829.0|3058.19995117|1|3059.39990234|1
CFFEX|IF1811|1539913249.5|3058.0|0|3829.0|3058.0|2|3059.39990234|1
CFFEX|IF1811|1539913250.0|3059.39990234|2|3831.0|3058.0|1|3059.60009766|1
CFFEX|IF1811|1539913250.5|3058.0|2|3833.0|3057.19995117|2|3058.80004883|1
CFFEX|IF1811|1539913251.0|3058.0|0|3833.0|3057.39990234|3|3058.60009766|2
CFFEX|IF1811|1539913251.5|3059.0|9|3842.0|3058.80004883|2|3059.0|3
CFFEX|IF1811|1539913252.0|3059.0|4|3846.0|3058.19995117|1|3058.80004883|1
CFFEX|IF1811|1539913252.5|3058.19995117|2|3848.0|3057.19995117|2|3059.0|1
CFFEX|IF1811|1539913253.0|3058.19995117|0|3848.0|3057.39990234|2|3058.80004883|1
