exchange|ric|dateTime|price|size|cumvolume|bidprice1|bidsize1|askprice1|asksize1
CFFEX|IF1811|1540171740.5|3160.0|0|133.0|3159.0|3|3160.0|4
CFFEX|IF1811|1540171800.5|3160.60009766|45|178.0|3161.0|1|3162.0|2
CFFEX|IF1811|1540171801.0|3162.39990234|22|200.0|3162.0|5|3163.19995117|1
CFFEX|IF1811|1540171801.5|3163.39990234|29|229.0|3163.0|1|3164.80004883|1
CFFEX|IF1811|1540171802.0|3164.80004883|9|238.0|3163.19995117|2|3165.0|10
CFFEX|IF1811|1540171802.5|3164.80004883|18|256.0|3164.80004883|2|3165.0|2
CFFEX|IF1811|1540171803.0|3165.0|21|277.0|3165.0|1|3166.0|4
CFFEX|IF1811|1540171803.5|3167.39990234|25|302.0|3165.0|2|3166.0|1
CFFEX|IF1811|1540171804.0|3166.0|18|320.0|3165.39990234|1|3168.0|1
CFFEX|IF1811|1540171804.5|3167.19995117|17|337.0|3165.60009766|9|3167.60009766|1
CFFEX|IF1811|1540171805.0|3167.0|11|348.0|3166.39990234|1|3167.19995117|1
CFFEX|IF1811|1540171805.5|3167.0|14|362.0|3167.0|12|3167.39990234|1
CFFEX|IF1811|1540171806.0|3167.0|13|375.0|3167.0|9|3167.19995117|1
CFFEX|IF1811|1540171806.5|3167.80004883|13|388.0|3166.0|7|3167.0|14
CFFEX|IF1811|1540171807.0|3166.0|18|406.0|3165.60009766|3|3166.39990234|1
CFFEX|IF1811|1540171807.5|3165.80004883|8|414.0|3165.80004883|2|3167.0|14
CFFEX|IF1811|1540171808.0|3166.39990234|12|426.0|3165.80004883|2|3166.0|2
CFFEX|IF1811|1540171808.5|3165.60009766|19|445.0|3165.19995117|2|3165.60009766|2
CFFEX|IF1811|1540171809.0|3165.80004883|18|463.0|3165.39990234|1|3165.80004883|1
CFFEX|IF1811|1540171809.5|3165.80004883|15|478.0|3166.39990234|1|3167.0|5
CFFEX|IF1811|1540171810.0|3166.60009766|15|493.0|3166.39990234|7|3168.0|3
CFFEX|IF1811|1540171810.5|3166.39990234|13|506.0|3167.19995117|1|3167.80004883|1
CFFEX|IF1811|1540171811.0|3167.39990234|8|514.0|3167.80004883|5|3168.60009766|2
CFFEX|IF1811|1540171811.5|3168.39990234|11|525.0|3168.80004883|1|3169.0|6
CFFEX|IF1811|1540171812.0|3169.60009766|14|539.0|3169.39990234|1|3169.60009766|5
CFFEX|IF1811|1540171812.5|3169.60009766|21|560.0|3169.60009766|1|3170.0|9
CFFEX|IF1811|1540171813.0|3170.0|13|573.0|3170.39990234|5|3172.0|1
CFFEX|IF1811|1540171813.5|3172.0|5|578.0|3172.0|1|3172.39990234|3
CFFEX|IF1811|1540171814.0|3172.19995117|7|585.0|3171.39990234|2|3171.80004883|1
CFFEX|IF1811|1540171814.5|3171.80004883|12|597.0|3170.39990234|3|3172.0|3
CFFEX|IF1811|1540171815.0|3172.0|13|610.0|3172.0|2|3172.39990234|2
CFFEX|IF1811|1540171815.5|3170.39990234|13|623.0|3170.39990234|3|3172.19995117|1
CFFEX|IF1811|1540171816.0|3171.39990234|10|633.0|3170.60009766|1|3171.39990234|1
CFFEX|IF1811|1540171816.5|3172.0|3|636.0|3170.80004883|4|3171.19995117|1
CFFEX|IF1811|1540171817.0|3170.80004883|9|645.0|3170.80004883|1|3172.0|1
CFFEX|IF1811|1540171817.5|3170.80004883|20|665.0|3171.39990234|10|3171.80004883|1
CFFEX|IF1811|1540171818.0|3172.0|13|678.0|3172.0|2|3173.60009766|1
CFFEX|IF1811|1540171818.5|3171.39990234|24|702.0|3171.60009766|1|3173.80004883|1
CFFEX|IF1811|1540171819.0|3172.80004883|10|712.0|3172.19995117|1|3172.80004883|1
CFFEX|IF1811|1540171819.5|3173.19995117|6|718.0|3172.39990234|4|3174.0|10
CFFEX|IF1811|1540171820.0|3172.39990234|18|736.0|3172.0|3|3172.39990234|2
CFFEX|IF1811|1540171820.5|3173.80004883|10|746.0|3173.80004883|2|3174.0|4
CFFEX|IF1811|1540171821.0|3174.0|11|757.0|3174.0|2|3174.39990234|5
CFFEX|IF1811|1540171821.5|3175.0|20|777.0|3175.39990234|1|3176.0|2
CFFEX|IF1811|1540171822.0|3175.39990234|15|792.0|3174.80004883|3|3175.39990234|1
CFFEX|IF1811|1540171822.5|3177.0|8|800.0|3175.19995117|1|3177.0|3
CFFEX|IF1811|1540171823.0|3175.39990234|11|811.0|3175.0|9|3176.80004883|7
CFFEX|IF1811|1540171823.5|3176.0|12|823.0|3175.39990234|1|3176.60009766|1
CFFEX|IF1811|1540171824.0|3176.0|14|837.0|3176.0|1|3176.39990234|1
CFFEX|IF1811|1540171824.5|3178.0|6|843.0|3176.80004883|4|3178.0|9
CFFEX|IF1811|1540171825.0|3176.80004883|12|855.0|3176.80004883|2|3177.80004883|1
CFFEX|IF1811|1540171825.5|3177.0|9|864.0|3177.0|4|3177.80004883|1
CFFEX|IF1811|1540171826.0|3178.0|6|870.0|3177.19995117|1|3178.80004883|1
CFFEX|IF1811|1540171826.5|3177.39990234|4|874.0|3177.80004883|1|3178.60009766|1
CFFEX|IF1811|1540171827.0|3177.0|12|886.0|3178.0|1|3179.0|12
CFFEX|IF1811|1540171827.5|3177.80004883|16|902.0|3177.80004883|3|3178.0|1
CFFEX|IF1811|1540171828.0|3178.39990234|10|912.0|3178.0|1|3179.0|7
CFFEX|IF1811|1540171828.5|3178.19995117|6|918.0|3178.19995117|1|3178.80004883|2
CFFEX|IF1811|1540171829.0|3179.0|4|922.0|3178.60009766|1|3179.0|6
CFFEX|IF1811|1540171829.5|3178.80004883|7|929.0|3178.80004883|2|3179.0|2
CFFEX|IF1811|1540171830.0|3178.80004883|10|939.0|3178.60009766|10|3178.80004883|1
CFFEX|IF1811|1540171830.5|3179.0|7|946.0|3178.60009766|10|3180.60009766|2
CFFEX|IF1811|1540171831.0|3180.39990234|10|956.0|3179.0|3|3180.60009766|3
CFFEX|IF1811|1540171831.5|3179.19995117|5|961.0|3179.19995117|2|3180.60009766|1
CFFEX|IF1811|1540171832.0|3180.19995117|6|967.0|3180.60009766|9|3181.0|1
CFFEX|IF1811|1540171832.5|3180.0|17|984.0|3180.0|9|3182.19995117|1
CFFEX|IF1811|1540171833.0|3182.19995117|10|994.0|3182.19995117|1|3182.39990234|5
CFFEX|IF1811|1540171833.5|3181.19995117|6|1000.0|3180.60009766|7|3181.19995117|1
CFFEX|IF1811|1540171834.0|3181.39990234|9|1009.0|3180.60009766|10|3181.60009766|1
CFFEX|IF1811|1540171834.5|3180.80004883|18|1027.0|3180.80004883|5|3182.39990234|2
CFFEX|IF1811|1540171835.0|3182.19995117|5|1032.0|3181.19995117|2|3182.19995117|1
CFFEX|IF1811|1540171835.5|3181.19995117|8|1040.0|3181.60009766|1|3182.0|2
CFFEX|IF1811|1540171836.0|3182.0|6|1046.0|3181.19995117|1|3181.80004883|1
CFFEX|IF1811|1540171836.5|3181.0|15|1061.0|3180.80004883|5|3181.80004883|1
CFFEX|IF1811|1540171837.0|3181.39990234|19|1080.0|3181.39990234|1|3182.19995117|1
CFFEX|IF1811|1540171837.5|3181.19995117|12|1092.0|3181.19995117|1|3181.80004883|2
CFFEX|IF1811|1540171838.0|3182.0|8|1100.0|3182.0|4|3183.0|7
CFFEX|IF1811|1540171838.5|3183.0|16|1116.0|3182.60009766|1|3183.39990234|1
CFFEX|IF1811|1540171839.0|3182.19995117|10|1126.0|3182.19995117|3|3184.0|11
CFFEX|IF1811|1540171839.5|3182.39990234|11|1137.0|3182.39990234|6|3184.0|8
CFFEX|IF1811|1540171840.0|3184.39990234|15|1152.0|3183.0|5|3184.39990234|3
CFFEX|IF1811|1540171840.5|3184.39990234|9|1161.0|3183.19995117|1|3184.19995117|1
CFFEX|IF1811|1540171841.0|3183.80004883|10|1171.0|3182.39990234|2|3183.19995117|3
CFFEX|IF1811|1540171841.5|3182.0|14|1185.0|3181.80004883|2|3182.39990234|1
CFFEX|IF1811|1540171842.0|3184.0|8|1193.0|3183.0|1|3184.0|1
CFFEX|IF1811|1540171842.5|3180.80004883|15|1208.0|3180.80004883|5|3182.19995117|1
CFFEX|IF1811|1540171843.0|3182.0|7|1215.0|3182.39990234|3|3183.0|2
CFFEX|IF1811|1540171843.5|3181.80004883|6|1221.0|3180.80004883|2|3181.39990234|1
CFFEX|IF1811|1540171844.0|3180.80004883|5|1226.0|3180.80004883|1|3182.0|1
CFFEX|IF1811|1540171844.5|3181.60009766|6|1232.0|3180.60009766|3|3181.80004883|4
CFFEX|IF1811|1540171845.0|3181.60009766|3|1235.0|3180.60009766|2|3180.80004883|1
CFFEX|IF1811|1540171845.5|3180.0|6|1241.0|3180.0|28|3180.80004883|2
CFFEX|IF1811|1540171846.0|3180.0|3|1244.0|3180.0|27|3180.60009766|1
CFFEX|IF1811|1540171846.5|3180.80004883|10|1254.0|3180.0|23|3181.19995117|2
CFFEX|IF1811|1540171847.0|3180.80004883|8|1262.0|3180.80004883|4|3181.0|3
CFFEX|IF1811|1540171847.5|3180.80004883|8|1270.0|3180.80004883|2|3181.0|6
CFFEX|IF1811|1540171848.0|3181.0|8|1278.0|3180.80004883|1|3181.0|5
CFFEX|IF1811|1540171848.5|3182.0|22|1300.0|3180.19995117|1|3182.19995117|1
CFFEX|IF1811|1540171849.0|3182.19995117|13|1313.0|3182.19995117|2|3183.0|9
CFFEX|IF1811|1540171849.5|3183.0|15|1328.0|3180.80004883|3|3183.0|7
CFFEX|IF1811|1540171850.0|3181.0|1|1329.0|3182.19995117|2|3182.80004883|1
CFFEX|IF1811|1540171850.5|3182.0|5|1334.0|3181.19995117|5|3182.19995117|3
CFFEX|IF1811|1540171851.0|3181.39990234|7|1341.0|3181.60009766|1|3183.0|8
CFFEX|IF1811|1540171851.5|3182.39990234|4|1345.0|3181.60009766|1|3182.19995117|1
CFFEX|IF1811|1540171852.0|3181.60009766|2|1347.0|3182.19995117|1|3182.60009766|1
CFFEX|IF1811|1540171852.5|3183.0|7|1354.0|3182.80004883|1|3183.0|8
CFFEX|IF1811|1540171853.0|3183.0|5|1359.0|3181.60009766|1|3182.80004883|6
CFFEX|IF1811|1540171853.5|3182.19995117|8|1367.0|3182.19995117|3|3182.39990234|1
CFFEX|IF1811|1540171854.0|3182.19995117|4|1371.0|3181.0|4|3182.0|2
CFFEX|IF1811|1540171854.5|3181.60009766|12|1383.0|3180.80004883|1|3181.80004883|1
CFFEX|IF1811|1540171855.0|3181.0|3|1386.0|3180.39990234|1|3181.60009766|1
CFFEX|IF1811|1540171855.5|3182.19995117|10|1396.0|3181.60009766|1|3182.19995117|3
CFFEX|IF1811|1540171856.0|3181.60009766|2|1398.0|3180.60009766|1|3181.39990234|1
CFFEX|IF1811|1540171856.5|3181.39990234|3|1401.0|3180.19995117|3|3181.60009766|6
CFFEX|IF1811|1540171857.0|3181.60009766|3|1404.0|3180.39990234|3|3181.60009766|4
CFFEX|IF1811|1540171857.5|3180.0|8|1412.0|3180.0|13|3181.39990234|1
CFFEX|IF1811|1540171858.0|3180.0|2|1414.0|3180.0|12|3180.39990234|1
CFFEX|IF1811|1540171858.5|3180.0|8|1422.0|3180.0|4|3180.19995117|1
CFFEX|IF1811|1540171859.0|3181.60009766|15|1437.0|3181.60009766|1|3182.0|1
CFFEX|IF1811|1540171859.5|3180.0|6|1443.0|3179.80004883|1|3180.0|5
CFFEX|IF1811|1540171860.0|3180.0|9|1452.0|3179.39990234|1|3180.0|2
CFFEX|IF1811|1540171860.5|3181.39990234|9|1461.0|3180.19995117|1|3181.0|1
CFFEX|IF1811|1540171861.0|3180.19995117|9|1470.0|3180.0|9|3181.60009766|3
CFFEX|IF1811|1540171861.5|3180.0|11|1481.0|3179.39990234|2|3180.0|10
CFFEX|IF1811|1540171862.0|3179.39990234|8|1489.0|3178.80004883|1|3179.39990234|2
CFFEX|IF1811|1540171862.5|3179.39990234|6|1495.0|3179.0|1|3180.0|6
CFFEX|IF1811|1540171863.0|3179.0|6|1501.0|3179.19995117|1|3180.0|3
CFFEX|IF1811|1540171863.5|3179.0|1|1502.0|3179.19995117|2|3179.80004883|1
CFFEX|IF1811|1540171864.0|3180.0|10|1512.0|3180.0|4|3180.19995117|2
CFFEX|IF1811|1540171864.5|3179.39990234|9|1521.0|3179.19995117|1|3179.39990234|1
CFFEX|IF1811|1540171865.0|3179.39990234|5|1526.0|3179.39990234|2|3180.19995117|1
CFFEX|IF1811|1540171865.5|3179.80004883|2|1528.0|3179.80004883|1|3181.0|1
CFFEX|IF1811|1540171866.0|3181.0|4|1532.0|3180.19995117|2|3181.39990234|1
CFFEX|IF1811|1540171866.5|3180.39990234|1|1533.0|3180.19995117|8|3180.39990234|1
CFFEX|IF1811|1540171867.0|3181.0|3|1536.0|3181.19995117|1|3181.60009766|5
CFFEX|IF1811|1540171867.5|3181.80004883|7|1543.0|3180.80004883|1|3181.80004883|3
CFFEX|IF1811|1540171868.0|3180.39990234|8|1551.0|3181.0|2|3182.0|3
CFFEX|IF1811|1540171868.5|3181.19995117|6|1557.0|3181.0|2|3182.19995117|2
CFFEX|IF1811|1540171869.0|3182.0|9|1566.0|3182.0|7|3182.60009766|2
CFFEX|IF1811|1540171869.5|3181.19995117|13|1579.0|3181.19995117|6|3181.80004883|1
CFFEX|IF1811|1540171870.0|3181.19995117|11|1590.0|3181.80004883|1|3182.60009766|1
CFFEX|IF1811|1540171870.5|3181.60009766|2|1592.0|3182.19995117|1|3182.39990234|6
CFFEX|IF1811|1540171871.0|3181.39990234|3|1595.0|3181.39990234|2|3181.60009766|1
CFFEX|IF1811|1540171871.5|3181.80004883|2|1597.0|3181.39990234|2|3181.80004883|1
CFFEX|IF1811|1540171872.0|3181.39990234|2|1599.0|3181.39990234|1|3181.80004883|1
CFFEX|IF1811|1540171872.5|3181.39990234|2|1601.0|3181.39990234|1|3182.19995117|3
CFFEX|IF1811|1540171873.0|3181.19995117|5|1606.0|3181.0|1|3181.60009766|1
CFFEX|IF1811|1540171873.5|3180.39990234|5|1611.0|3180.19995117|12|3180.60009766|1
CFFEX|IF1811|1540171874.0|3180.19995117|9|1620.0|3180.19995117|7|3181.0|1
CFFEX|IF1811|1540171874.5|3180.0|13|1633.0|3180.0|15|3181.0|1
CFFEX|IF1811|1540171875.0|3180.0|6|1639.0|3180.0|23|3181.0|1
CFFEX|IF1811|1540171875.5|3181.0|4|1643.0|3181.0|1|3181.60009766|1
CFFEX|IF1811|1540171876.0|3181.39990234|8|1651.0|3180.0|21|3181.80004883|1
CFFEX|IF1811|1540171876.5|3180.19995117|3|1654.0|3180.0|21|3181.0|1
CFFEX|IF1811|1540171877.0|3180.80004883|1|1655.0|3180.19995117|1|3180.80004883|3
CFFEX|IF1811|1540171877.5|3180.80004883|5|1660.0|3180.19995117|1|3180.80004883|1
CFFEX|IF1811|1540171878.0|3181.0|3|1663.0|3180.0|20|3181.19995117|1
CFFEX|IF1811|1540171878.5|3180.19995117|1|1664.0|3180.0|15|3181.0|3
CFFEX|IF1811|1540171879.0|3180.0|7|1671.0|3180.0|8|3180.80004883|1
CFFEX|IF1811|1540171879.5|3180.19995117|2|1673.0|3180.0|9|3180.39990234|2
CFFEX|IF1811|1540171880.0|3180.0|2|1675.0|3180.0|6|3180.19995117|1
CFFEX|IF1811|1540171880.5|3181.0|21|1696.0|3180.19995117|3|3181.19995117|1
CFFEX|IF1811|1540171881.0|3181.0|1|1697.0|3180.39990234|2|3181.19995117|1
CFFEX|IF1811|1540171881.5|3180.39990234|2|1699.0|3180.39990234|1|3181.0|1
CFFEX|IF1811|1540171882.0|3180.39990234|2|1701.0|3180.19995117|3|3181.0|1
CFFEX|IF1811|1540171882.5|3181.80004883|14|1715.0|3180.80004883|1|3182.0|2
CFFEX|IF1811|1540171883.0|3182.0|5|1720.0|3182.0|6|3182.19995117|1
CFFEX|IF1811|1540171883.5|3182.19995117|8|1728.0|3181.0|1|3182.39990234|2
CFFEX|IF1811|1540171884.0|3182.19995117|3|1731.0|3182.0|1|3182.19995117|1
CFFEX|IF1811|1540171884.5|3182.0|4|1735.0|3181.19995117|4|3182.39990234|1
CFFEX|IF1811|1540171885.0|3182.39990234|3|1738.0|3182.0|6|3182.39990234|4
CFFEX|IF1811|1540171885.5|3182.80004883|10|1748.0|3182.0|5|3182.80004883|9
CFFEX|IF1811|1540171886.0|3182.19995117|4|1752.0|3182.39990234|2|3182.80004883|7
CFFEX|IF1811|1540171886.5|3182.80004883|9|1761.0|3182.19995117|1|3182.80004883|1
CFFEX|IF1811|1540171887.0|3182.80004883|2|1763.0|3182.80004883|18|3183.0|9
CFFEX|IF1811|1540171887.5|3183.0|7|1770.0|3182.80004883|18|3183.0|7
CFFEX|IF1811|1540171888.0|3183.60009766|16|1786.0|3183.0|1|3183.60009766|3
CFFEX|IF1811|1540171888.5|3183.19995117|5|1791.0|3183.19995117|3|3183.60009766|1
CFFEX|IF1811|1540171889.0|3184.0|7|1798.0|3183.60009766|1|3184.0|5
CFFEX|IF1811|1540171889.5|3184.0|6|1804.0|3183.80004883|1|3184.19995117|2
CFFEX|IF1811|1540171890.0|3184.39990234|3|1807.0|3184.19995117|1|3184.39990234|5
CFFEX|IF1811|1540171890.5|3185.0|12|1819.0|3184.39990234|4|3185.0|6
CFFEX|IF1811|1540171891.0|3184.80004883|8|1827.0|3184.80004883|1|3185.0|2
CFFEX|IF1811|1540171891.5|3184.39990234|13|1840.0|3184.0|5|3185.19995117|1
CFFEX|IF1811|1540171892.0|3184.19995117|3|1843.0|3184.0|5|3185.0|1
CFFEX|IF1811|1540171892.5|3184.80004883|4|1847.0|3184.0|5|3184.39990234|1
CFFEX|IF1811|1540171893.0|3184.0|5|1852.0|3184.0|2|3184.60009766|1
CFFEX|IF1811|1540171893.5|3184.0|2|1854.0|3183.80004883|1|3184.0|2
CFFEX|IF1811|1540171894.0|3184.0|5|1859.0|3183.0|5|3183.60009766|1
CFFEX|IF1811|1540171894.5|3182.80004883|13|1872.0|3182.80004883|7|3183.19995117|1
CFFEX|IF1811|1540171895.0|3183.39990234|12|1884.0|3182.19995117|1|3182.60009766|1
CFFEX|IF1811|1540171895.5|3182.0|10|1894.0|3182.0|5|3182.39990234|1
CFFEX|IF1811|1540171896.0|3182.80004883|11|1905.0|3181.0|4|3182.0|1
CFFEX|IF1811|1540171896.5|3182.0|3|1908.0|3182.0|1|3182.19995117|1
CFFEX|IF1811|1540171897.0|3182.19995117|5|1913.0|3181.19995117|2|3182.0|1
CFFEX|IF1811|1540171897.5|3183.39990234|11|1924.0|3183.0|7|3183.60009766|1
CFFEX|IF1811|1540171898.0|3181.19995117|9|1933.0|3182.0|1|3183.39990234|1
CFFEX|IF1811|1540171898.5|3182.0|1|1934.0|3181.19995117|1|3183.19995117|2
CFFEX|IF1811|1540171899.0|3183.19995117|7|1941.0|3182.19995117|1|3183.0|1
CFFEX|IF1811|1540171899.5|3183.19995117|2|1943.0|3183.0|1|3183.60009766|1
CFFEX|IF1811|1540171900.0|3183.60009766|4|1947.0|3183.60009766|2|3183.80004883|3
CFFEX|IF1811|1540171900.5|3183.60009766|4|1951.0|3183.0|1|3183.19995117|1
CFFEX|IF1811|1540171901.0|3183.60009766|2|1953.0|3183.39990234|2|3183.60009766|1
CFFEX|IF1811|1540171901.5|3183.60009766|7|1960.0|3183.60009766|2|3184.0|5
CFFEX|IF1811|1540171902.0|3184.19995117|9|1969.0|3183.0|3|3184.19995117|1
CFFEX|IF1811|1540171902.5|3184.0|3|1972.0|3184.0|3|3184.60009766|2
CFFEX|IF1811|1540171903.0|3184.80004883|12|1984.0|3184.60009766|5|3184.80004883|2
CFFEX|IF1811|1540171903.5|3185.19995117|5|1989.0|3184.60009766|4|3185.39990234|1
CFFEX|IF1811|1540171904.0|3185.39990234|1|1990.0|3185.19995117|2|3185.80004883|1
CFFEX|IF1811|1540171904.5|3185.80004883|6|1996.0|3185.39990234|2|3186.60009766|2
CFFEX|IF1811|1540171905.0|3186.39990234|1|1997.0|3185.80004883|2|3186.60009766|2
CFFEX|IF1811|1540171905.5|3186.60009766|4|2001.0|3186.60009766|6|3186.80004883|1
CFFEX|IF1811|1540171906.0|3186.60009766|11|2012.0|3186.60009766|4|3188.0|3
CFFEX|IF1811|1540171906.5|3186.60009766|3|2015.0|3186.80004883|1|3187.19995117|1
CFFEX|IF1811|1540171907.0|3186.60009766|2|2017.0|3186.60009766|3|3186.80004883|1
CFFEX|IF1811|1540171907.5|3186.39990234|6|2023.0|3186.0|5|3187.19995117|1
CFFEX|IF1811|1540171908.0|3186.60009766|2|2025.0|3186.19995117|1|3187.0|1
CFFEX|IF1811|1540171908.5|3187.19995117|5|2030.0|3187.0|1|3187.80004883|1
CFFEX|IF1811|1540171909.0|3187.0|1|2031.0|3186.19995117|1|3186.80004883|1
CFFEX|IF1811|1540171909.5|3186.0|6|2037.0|3186.0|1|3187.60009766|3
CFFEX|IF1811|1540171910.0|3186.80004883|2|2039.0|3186.80004883|1|3187.39990234|4
CFFEX|IF1811|1540171910.5|3186.80004883|3|2042.0|3186.0|1|3186.39990234|1
CFFEX|IF1811|1540171911.0|3186.0|3|2045.0|3185.80004883|1|3186.60009766|1
CFFEX|IF1811|1540171911.5|3186.39990234|2|2047.0|3185.80004883|1|3186.19995117|1
CFFEX|IF1811|1540171912.0|3186.39990234|3|2050.0|3185.39990234|2|3186.39990234|1
CFFEX|IF1811|1540171912.5|3186.39990234|5|2055.0|3185.60009766|1|3186.80004883|1
CFFEX|IF1811|1540171913.0|3185.80004883|1|2056.0|3185.60009766|2|3185.80004883|2
CFFEX|IF1811|1540171913.5|3185.19995117|6|2062.0|3185.0|1|3186.80004883|1
CFFEX|IF1811|1540171914.0|3185.19995117|2|2064.0|3185.80004883|2|3186.0|1
CFFEX|IF1811|1540171914.5|3186.0|2|2066.0|3185.80004883|1|3186.19995117|2
CFFEX|IF1811|1540171915.0|3186.0|0|2066.0|3185.80004883|2|3186.19995117|2
CFFEX|IF1811|1540171915.5|3185.80004883|4|2070.0|3185.39990234|2|3186.19995117|1
CFFEX|IF1811|1540171916.0|3186.60009766|3|2073.0|3186.19995117|1|3187.0|2
CFFEX|IF1811|1540171916.5|3186.60009766|0|2073.0|3186.39990234|2|3187.0|2
CFFEX|IF1811|1540171917.0|3186.39990234|2|2075.0|3186.39990234|1|3187.0|1
CFFEX|IF1811|1540171917.5|3187.0|3|2078.0|3187.0|8|3187.80004883|1
CFFEX|IF1811|1540171918.0|3187.0|0|2078.0|3187.39990234|1|3187.80004883|1
CFFEX|IF1811|1540171918.5|3187.80004883|4|2082.0|3187.80004883|7|3188.0|5
CFFEX|IF1811|1540171919.0|3188.0|11|2093.0|3188.39990234|2|3188.80004883|6
CFFEX|IF1811|1540171919.5|3188.80004883|6|2099.0|3188.39990234|2|3188.80004883|3
CFFEX|IF1811|1540171920.0|3188.39990234|8|2107.0|3188.39990234|3|3189.0|1
CFFEX|IF1811|1540171920.5|3188.39990234|0|2107.0|3188.60009766|5|3189.0|1
CFFEX|IF1811|1540171921.0|3189.0|3|2110.0|3189.0|2|3189.39990234|1
CFFEX|IF1811|1540171921.5|3189.19995117|5|2115.0|3189.19995117|1|3189.60009766|2
CFFEX|IF1811|1540171922.0|3189.60009766|5|2120.0|3188.80004883|3|3189.60009766|1
CFFEX|IF1811|1540171922.5|3189.0|10|2130.0|3188.60009766|2|3189.80004883|2
CFFEX|IF1811|1540171923.0|3189.39990234|8|2138.0|3188.80004883|1|3189.0|1
CFFEX|IF1811|1540171923.5|3190.0|7|2145.0|3190.19995117|3|3190.39990234|1
CFFEX|IF1811|1540171924.0|3189.80004883|8|2153.0|3189.60009766|1|3189.80004883|1
CFFEX|IF1811|1540171924.5|3188.60009766|8|2161.0|3188.39990234|7|3189.19995117|1
CFFEX|IF1811|1540171925.0|3188.39990234|5|2166.0|3188.39990234|4|3189.0|1
CFFEX|IF1811|1540171925.5|3188.39990234|10|2176.0|3188.39990234|3|3188.60009766|1
CFFEX|IF1811|1540171926.0|3189.60009766|11|2187.0|3188.60009766|1|3189.60009766|1
CFFEX|IF1811|1540171926.5|3190.19995117|4|2191.0|3188.80004883|1|3189.39990234|1
CFFEX|IF1811|1540171927.0|3189.39990234|1|2192.0|3189.60009766|2|3190.19995117|3
CFFEX|IF1811|1540171927.5|3189.39990234|6|2198.0|3188.39990234|3|3189.39990234|3
CFFEX|IF1811|1540171928.0|3189.39990234|1|2199.0|3189.19995117|10|3190.19995117|5
CFFEX|IF1811|1540171928.5|3189.19995117|6|2205.0|3189.19995117|7|3190.0|1
CFFEX|IF1811|1540171929.0|3189.80004883|3|2208.0|3189.39990234|4|3190.0|1
CFFEX|IF1811|1540171929.5|3189.39990234|4|2212.0|3189.39990234|3|3189.60009766|1
CFFEX|IF1811|1540171930.0|3189.39990234|4|2216.0|3189.19995117|7|3189.39990234|1
CFFEX|IF1811|1540171930.5|3189.19995117|12|2228.0|3188.60009766|1|3188.80004883|1
CFFEX|IF1811|1540171931.0|3188.80004883|10|2238.0|3189.0|5|3189.19995117|19
CFFEX|IF1811|1540171931.5|3189.0|10|2248.0|3188.39990234|1|3189.0|8
CFFEX|IF1811|1540171932.0|3188.39990234|1|2249.0|3187.39990234|1|3188.80004883|4
CFFEX|IF1811|1540171932.5|3187.60009766|10|2259.0|3187.39990234|1|3188.60009766|3
CFFEX|IF1811|1540171933.0|3187.60009766|11|2270.0|3187.39990234|3|3188.39990234|1
CFFEX|IF1811|1540171933.5|3187.60009766|5|2275.0|3187.60009766|3|3187.80004883|1
CFFEX|IF1811|1540171934.0|3188.39990234|3|2278.0|3188.19995117|1|3189.0|2
CFFEX|IF1811|1540171934.5|3189.19995117|9|2287.0|3187.80004883|3|3189.19995117|16
CFFEX|IF1811|1540171935.0|3187.80004883|12|2299.0|3187.80004883|1|3189.0|1
CFFEX|IF1811|1540171935.5|3188.0|7|2306.0|3188.39990234|1|3189.19995117|2
CFFEX|IF1811|1540171936.0|3188.0|1|2307.0|3188.0|5|3188.39990234|1
CFFEX|IF1811|1540171936.5|3189.0|3|2310.0|3188.60009766|2|3189.0|1
CFFEX|IF1811|1540171937.0|3189.0|3|2313.0|3188.19995117|1|3189.19995117|2
CFFEX|IF1811|1540171937.5|3188.60009766|6|2319.0|3188.60009766|2|3189.39990234|2
CFFEX|IF1811|1540171938.0|3188.39990234|4|2323.0|3188.0|5|3188.60009766|1
CFFEX|IF1811|1540171938.5|3188.60009766|5|2328.0|3189.0|1|3189.39990234|2
CFFEX|IF1811|1540171939.0|3188.60009766|4|2332.0|3188.19995117|4|3189.0|3
CFFEX|IF1811|1540171939.5|3188.19995117|7|2339.0|3188.39990234|1|3189.19995117|1
CFFEX|IF1811|1540171940.0|3188.80004883|1|2340.0|3188.60009766|3|3189.0|5
CFFEX|IF1811|1540171940.5|3189.0|1|2341.0|3188.60009766|3|3189.0|4
CFFEX|IF1811|1540171941.0|3189.39990234|8|2349.0|3189.39990234|6|3189.60009766|3
CFFEX|IF1811|1540171941.5|3189.60009766|8|2357.0|3189.0|6|3189.60009766|1
CFFEX|IF1811|1540171942.0|3189.80004883|7|2364.0|3189.19995117|1|3189.80004883|1
CFFEX|IF1811|1540171942.5|3190.0|9|2373.0|3189.80004883|1|3190.0|3
CFFEX|IF1811|1540171943.0|3190.19995117|13|2386.0|3190.0|3|3190.39990234|4
CFFEX|IF1811|1540171943.5|3190.39990234|8|2394.0|3190.39990234|2|3192.0|1
CFFEX|IF1811|1540171944.0|3191.0|1|2395.0|3190.60009766|6|3191.80004883|1
CFFEX|IF1811|1540171944.5|3190.80004883|6|2401.0|3190.60009766|5|3192.0|1
CFFEX|IF1811|1540171945.0|3190.60009766|6|2407.0|3190.60009766|2|3191.80004883|3
CFFEX|IF1811|1540171945.5|3191.19995117|2|2409.0|3190.80004883|1|3191.60009766|2
CFFEX|IF1811|1540171946.0|3191.39990234|3|2412.0|3190.0|3|3190.39990234|2
CFFEX|IF1811|1540171946.5|3190.39990234|5|2417.0|3190.60009766|1|3191.39990234|1
CFFEX|IF1811|1540171947.0|3190.39990234|0|2417.0|3190.39990234|2|3190.60009766|1
CFFEX|IF1811|1540171947.5|3190.60009766|4|2421.0|3190.39990234|3|3191.19995117|1
CFFEX|IF1811|1540171948.0|3190.39990234|5|2426.0|3190.0|3|3190.39990234|1
CFFEX|IF1811|1540171948.5|3190.0|4|2430.0|3190.0|2|3191.0|1
CFFEX|IF1811|1540171949.0|3190.60009766|4|2434.0|3190.19995117|1|3190.60009766|3
CFFEX|IF1811|1540171949.5|3190.39990234|4|2438.0|3190.39990234|3|3190.60009766|9
CFFEX|IF1811|1540171950.0|3190.39990234|3|2441.0|3190.0|4|3190.39990234|2
CFFEX|IF1811|1540171950.5|3190.60009766|8|2449.0|3189.80004883|2|3190.60009766|7
CFFEX|IF1811|1540171951.0|3189.80004883|1|2450.0|3189.80004883|1|3190.60009766|7
CFFEX|IF1811|1540171951.5|3189.80004883|1|2451.0|3189.0|5|3189.39990234|1
CFFEX|IF1811|1540171952.0|3189.80004883|4|2455.0|3189.60009766|2|3189.80004883|7
CFFEX|IF1811|1540171952.5|3189.80004883|4|2459.0|3189.39990234|2|3189.60009766|1
CFFEX|IF1811|1540171953.0|3189.80004883|6|2465.0|3189.0|5|3189.80004883|3
CFFEX|IF1811|1540171953.5|3189.80004883|5|2470.0|3189.0|3|3190.0|6
CFFEX|IF1811|1540171954.0|3189.0|1|2471.0|3189.0|2|3190.0|6
CFFEX|IF1811|1540171954.5|3189.60009766|4|2475.0|3189.0|1|3189.80004883|3
CFFEX|IF1811|1540171955.0|3188.39990234|3|2478.0|3188.19995117|1|3189.0|3
CFFEX|IF1811|1540171955.5|3188.19995117|3|2481.0|3188.0|7|3189.0|3
CFFEX|IF1811|1540171956.0|3189.0|2|2483.0|3188.0|7|3189.0|4
CFFEX|IF1811|1540171956.5|3188.0|1|2484.0|3188.0|6|3189.0|4
CFFEX|IF1811|1540171957.0|3188.19995117|3|2487.0|3188.0|5|3188.19995117|1
CFFEX|IF1811|1540171957.5|3188.0|5|2492.0|3188.0|3|3188.19995117|1
CFFEX|IF1811|1540171958.0|3187.39990234|7|2499.0|3187.39990234|3|3188.0|1
CFFEX|IF1811|1540171958.5|3187.80004883|7|2506.0|3187.39990234|3|3188.0|8
CFFEX|IF1811|1540171959.0|3187.60009766|5|2511.0|3187.39990234|2|3187.80004883|1
CFFEX|IF1811|1540171959.5|3187.39990234|3|2514.0|3187.39990234|1|3188.0|14
CFFEX|IF1811|1540171960.0|3187.0|2|2516.0|3187.0|10|3187.39990234|10
CFFEX|IF1811|1540171960.5|3187.19995117|4|2520.0|3187.0|8|3187.39990234|10
CFFEX|IF1811|1540171961.0|3187.19995117|6|2526.0|3187.0|3|3187.19995117|1
CFFEX|IF1811|1540171961.5|3187.0|6|2532.0|3186.0|1|3187.0|2
CFFEX|IF1811|1540171962.0|3187.39990234|4|2536.0|3186.19995117|3|3187.39990234|12
CFFEX|IF1811|1540171962.5|3186.80004883|4|2540.0|3186.39990234|2|3187.0|7
CFFEX|IF1811|1540171963.0|3186.39990234|7|2547.0|3186.19995117|3|3187.0|3
CFFEX|IF1811|1540171963.5|3187.39990234|4|2551.0|3187.0|3|3187.39990234|9
CFFEX|IF1811|1540171964.0|3187.39990234|11|2562.0|3187.39990234|3|3188.0|11
CFFEX|IF1811|1540171964.5|3187.39990234|15|2577.0|3187.80004883|2|3189.0|1
CFFEX|IF1811|1540171965.0|3187.39990234|0|2577.0|3188.60009766|2|3189.0|1
CFFEX|IF1811|1540171965.5|3189.0|1|2578.0|3188.80004883|1|3189.80004883|2
CFFEX|IF1811|1540171966.0|3188.60009766|4|2582.0|3188.60009766|1|3189.60009766|1
CFFEX|IF1811|1540171966.5|3187.80004883|5|2587.0|3187.80004883|1|3188.80004883|1
CFFEX|IF1811|1540171967.0|3188.0|2|2589.0|3188.0|1|3188.80004883|1
CFFEX|IF1811|1540171967.5|3189.60009766|2|2591.0|3189.0|1|3189.80004883|2
CFFEX|IF1811|1540171968.0|3188.0|7|2598.0|3187.39990234|3|3189.39990234|1
CFFEX|IF1811|1540171968.5|3189.19995117|3|2601.0|3188.19995117|1|3189.19995117|2
CFFEX|IF1811|1540171969.0|3189.19995117|0|2601.0|3188.19995117|1|3189.60009766|1
CFFEX|IF1811|1540171969.5|3189.80004883|5|2606.0|3188.80004883|3|3189.80004883|1
CFFEX|IF1811|1540171970.0|3189.80004883|1|2607.0|3189.0|4|3189.60009766|1
CFFEX|IF1811|1540171970.5|3189.60009766|1|2608.0|3189.60009766|2|3190.0|7
CFFEX|IF1811|1540171971.0|3190.0|1|2609.0|3189.80004883|2|3190.0|6
CFFEX|IF1811|1540171971.5|3190.39990234|9|2618.0|3190.0|2|3190.60009766|3
CFFEX|IF1811|1540171972.0|3190.39990234|0|2618.0|3190.0|1|3190.60009766|3
CFFEX|IF1811|1540171972.5|3190.19995117|1|2619.0|3190.0|4|3190.60009766|4
CFFEX|IF1811|1540171973.0|3190.0|2|2621.0|3190.0|3|3190.60009766|5
CFFEX|IF1811|1540171973.5|3190.0|4|2625.0|3189.60009766|3|3190.60009766|4
CFFEX|IF1811|1540171974.0|3190.0|2|2627.0|3189.80004883|2|3190.0|1
CFFEX|IF1811|1540171974.5|3189.80004883|1|2628.0|3189.60009766|5|3189.80004883|1
CFFEX|IF1811|1540171975.0|3189.80004883|1|2629.0|3189.60009766|5|3190.0|3
CFFEX|IF1811|1540171975.5|3190.0|1|2630.0|3189.60009766|5|3189.80004883|2
CFFEX|IF1811|1540171976.0|3189.60009766|8|2638.0|3189.60009766|1|3190.0|3
CFFEX|IF1811|1540171976.5|3189.80004883|2|2640.0|3189.19995117|2|3189.60009766|1
CFFEX|IF1811|1540171977.0|3189.80004883|0|2640.0|3189.19995117|3|3189.60009766|1
CFFEX|IF1811|1540171977.5|3189.60009766|1|2641.0|3189.60009766|1|3190.0|7
CFFEX|IF1811|1540171978.0|3190.0|9|2650.0|3190.0|4|3190.39990234|1
CFFEX|IF1811|1540171978.5|3190.0|8|2658.0|3190.0|1|3190.39990234|2
CFFEX|IF1811|1540171979.0|3190.0|4|2662.0|3189.39990234|1|3189.60009766|2
CFFEX|IF1811|1540171979.5|3190.39990234|14|2676.0|3189.0|2|3190.60009766|4
CFFEX|IF1811|1540171980.0|3190.0|5|2681.0|3189.19995117|2|3190.39990234|2
CFFEX|IF1811|1540171980.5|3190.0|0|2681.0|3189.39990234|1|3190.19995117|3
CFFEX|IF1811|1540171981.0|3190.39990234|7|2688.0|3190.19995117|1|3190.60009766|1
CFFEX|IF1811|1540171981.5|3190.80004883|7|2695.0|3189.19995117|1|3191.0|2
CFFEX|IF1811|1540171982.0|3191.0|8|2703.0|3190.80004883|1|3191.0|1
CFFEX|IF1811|1540171982.5|3191.0|4|2707.0|3191.0|4|3191.80004883|3
CFFEX|IF1811|1540171983.0|3191.0|7|2714.0|3190.39990234|1|3192.0|7
CFFEX|IF1811|1540171983.5|3190.60009766|8|2722.0|3191.80004883|1|3192.0|4
CFFEX|IF1811|1540171984.0|3191.80004883|11|2733.0|3190.60009766|1|3192.19995117|1
CFFEX|IF1811|1540171984.5|3192.0|3|2736.0|3190.80004883|6|3192.19995117|1
CFFEX|IF1811|1540171985.0|3191.60009766|4|2740.0|3192.19995117|1|3192.39990234|4
CFFEX|IF1811|1540171985.5|3192.39990234|7|2747.0|3191.0|3|3191.80004883|1
CFFEX|IF1811|1540171986.0|3191.19995117|4|2751.0|3191.19995117|1|3192.19995117|1
CFFEX|IF1811|1540171986.5|3192.19995117|5|2756.0|3192.19995117|1|3192.80004883|1
CFFEX|IF1811|1540171987.0|3192.19995117|1|2757.0|3191.39990234|1|3191.80004883|1
CFFEX|IF1811|1540171987.5|3193.0|5|2762.0|3191.60009766|1|3193.0|5
CFFEX|IF1811|1540171988.0|3193.0|0|2762.0|3191.60009766|1|3192.80004883|2
CFFEX|IF1811|1540171988.5|3192.80004883|1|2763.0|3192.0|1|3192.80004883|1
CFFEX|IF1811|1540171989.0|3192.0|2|2765.0|3191.80004883|2|3192.80004883|1
CFFEX|IF1811|1540171989.5|3192.0|1|2766.0|3192.0|1|3192.39990234|1
CFFEX|IF1811|1540171990.0|3192.39990234|1|2767.0|3192.0|1|3192.19995117|1
CFFEX|IF1811|1540171990.5|3192.39990234|1|2768.0|3192.19995117|2|3192.80004883|1
CFFEX|IF1811|1540171991.0|3192.39990234|0|2768.0|3192.39990234|2|3192.80004883|1
CFFEX|IF1811|1540171991.5|3192.39990234|1|2769.0|3192.39990234|2|3192.80004883|1
CFFEX|IF1811|1540171992.0|3192.39990234|4|2773.0|3192.80004883|1|3193.0|6
CFFEX|IF1811|1540171992.5|3192.80004883|2|2775.0|3192.19995117|4|3193.0|5
CFFEX|IF1811|1540171993.0|3192.80004883|0|2775.0|3192.19995117|4|3193.0|6
CFFEX|IF1811|1540171993.5|3192.19995117|5|2780.0|3192.0|2|3193.0|6
CFFEX|IF1811|1540171994.0|3193.0|4|2784.0|3192.19995117|1|3193.0|4
CFFEX|IF1811|1540171994.5|3193.0|8|2792.0|3193.0|5|3193.60009766|2
CFFEX|IF1811|1540171995.0|3193.0|9|2801.0|3193.0|2|3193.80004883|2
CFFEX|IF1811|1540171995.5|3193.0|0|2801.0|3193.0|4|3193.60009766|1
CFFEX|IF1811|1540171996.0|3193.0|2|2803.0|3193.0|3|3193.80004883|2
CFFEX|IF1811|1540171996.5|3193.60009766|1|2804.0|3193.60009766|1|3193.80004883|2
CFFEX|IF1811|1540171997.0|3193.19995117|11|2815.0|3193.0|6|3195.0|2
CFFEX|IF1811|1540171997.5|3193.60009766|5|2820.0|3193.19995117|1|3193.60009766|3
CFFEX|IF1811|1540171998.0|3193.39990234|6|2826.0|3192.39990234|5|3193.39990234|1
CFFEX|IF1811|1540171998.5|3193.19995117|1|2827.0|3193.0|3|3193.19995117|1
CFFEX|IF1811|1540171999.0|3193.0|3|2830.0|3192.39990234|5|3192.60009766|1
CFFEX|IF1811|1540171999.5|3192.60009766|2|2832.0|3192.39990234|4|3193.0|1
CFFEX|IF1811|1540172000.0|3192.39990234|8|2840.0|3192.19995117|1|3192.39990234|2
CFFEX|IF1811|1540172000.5|3192.0|11|2851.0|3192.0|6|3192.19995117|3
CFFEX|IF1811|1540172001.0|3191.80004883|8|2859.0|3190.39990234|3|3191.39990234|1
CFFEX|IF1811|1540172001.5|3191.80004883|0|2859.0|3190.39990234|3|3191.60009766|2
CFFEX|IF1811|1540172002.0|3190.60009766|1|2860.0|3190.39990234|3|3191.19995117|1
CFFEX|IF1811|1540172002.5|3191.39990234|2|2862.0|3190.39990234|3|3191.60009766|1
CFFEX|IF1811|1540172003.0|3191.60009766|1|2863.0|3190.39990234|3|3191.80004883|1
CFFEX|IF1811|1540172003.5|3191.80004883|4|2867.0|3191.39990234|2|3192.0|3
CFFEX|IF1811|1540172004.0|3192.39990234|9|2876.0|3191.39990234|2|3192.39990234|3
CFFEX|IF1811|1540172004.5|3191.39990234|1|2877.0|3191.39990234|1|3192.39990234|3
CFFEX|IF1811|1540172005.0|3191.39990234|0|2877.0|3191.39990234|1|3192.39990234|3
CFFEX|IF1811|1540172005.5|3191.39990234|7|2884.0|3190.60009766|1|3192.0|1
CFFEX|IF1811|1540172006.0|3193.19995117|3|2887.0|3192.19995117|1|3193.60009766|3
CFFEX|IF1811|1540172006.5|3192.0|1|2888.0|3190.80004883|2|3193.60009766|3
CFFEX|IF1811|1540172007.0|3192.0|0|2888.0|3192.60009766|5|3193.19995117|5
CFFEX|IF1811|1540172007.5|3192.39990234|7|2895.0|3191.19995117|5|3192.60009766|1
CFFEX|IF1811|1540172008.0|3192.39990234|0|2895.0|3191.39990234|1|3193.0|1
CFFEX|IF1811|1540172008.5|3192.19995117|2|2897.0|3191.19995117|2|3192.19995117|4
CFFEX|IF1811|1540172009.0|3192.19995117|5|2902.0|3191.19995117|1|3192.60009766|1
CFFEX|IF1811|1540172009.5|3191.39990234|1|2903.0|3190.60009766|1|3191.19995117|1
CFFEX|IF1811|1540172010.0|3193.0|4|2907.0|3193.0|1|3193.39990234|1
CFFEX|IF1811|1540172010.5|3191.60009766|3|2910.0|3191.19995117|4|3192.60009766|1
CFFEX|IF1811|1540172011.0|3191.60009766|0|2910.0|3191.19995117|8|3192.39990234|2
CFFEX|IF1811|1540172011.5|3192.39990234|2|2912.0|3191.60009766|2|3192.39990234|1
CFFEX|IF1811|1540172012.0|3191.80004883|2|2914.0|3191.60009766|2|3192.39990234|1
CFFEX|IF1811|1540172012.5|3191.60009766|5|2919.0|3191.19995117|5|3192.19995117|1
CFFEX|IF1811|1540172013.0|3192.19995117|4|2923.0|3191.19995117|2|3192.60009766|1
CFFEX|IF1811|1540172013.5|3192.60009766|2|2925.0|3192.60009766|2|3192.80004883|3
CFFEX|IF1811|1540172014.0|3192.39990234|4|2929.0|3192.19995117|1|3192.60009766|1
CFFEX|IF1811|1540172014.5|3192.80004883|2|2931.0|3192.19995117|1|3192.80004883|2
CFFEX|IF1811|1540172015.0|3192.80004883|0|2931.0|3192.19995117|1|3192.80004883|2
CFFEX|IF1811|1540172015.5|3192.80004883|4|2935.0|3192.80004883|4|3193.0|3
CFFEX|IF1811|1540172016.0|3192.80004883|6|2941.0|3193.0|1|3193.60009766|3
CFFEX|IF1811|1540172016.5|3193.60009766|5|2946.0|3192.80004883|7|3193.0|1
CFFEX|IF1811|1540172017.0|3193.60009766|3|2949.0|3193.19995117|1|3193.80004883|5
CFFEX|IF1811|1540172017.5|3194.0|8|2957.0|3193.80004883|1|3194.39990234|1
CFFEX|IF1811|1540172018.0|3194.0|2|2959.0|3193.60009766|3|3194.0|1
CFFEX|IF1811|1540172018.5|3194.39990234|2|2961.0|3194.19995117|1|3194.60009766|1
CFFEX|IF1811|1540172019.0|3193.80004883|2|2963.0|3194.60009766|1|3194.80004883|1
CFFEX|IF1811|1540172019.5|3193.0|10|2973.0|3193.0|4|3195.0|8
CFFEX|IF1811|1540172020.0|3194.80004883|1|2974.0|3193.19995117|1|3194.80004883|1
CFFEX|IF1811|1540172020.5|3194.80004883|2|2976.0|3193.39990234|1|3195.0|7
CFFEX|IF1811|1540172021.0|3195.0|2|2978.0|3193.60009766|1|3194.19995117|1
CFFEX|IF1811|1540172021.5|3194.39990234|4|2982.0|3194.19995117|2|3195.0|6
CFFEX|IF1811|1540172022.0|3195.0|1|2983.0|3194.39990234|2|3195.0|5
CFFEX|IF1811|1540172022.5|3195.0|7|2990.0|3194.80004883|1|3195.0|1
CFFEX|IF1811|1540172023.0|3195.19995117|4|2994.0|3193.39990234|1|3195.60009766|1
CFFEX|IF1811|1540172023.5|3195.60009766|2|2996.0|3195.60009766|4|3195.80004883|2
CFFEX|IF1811|1540172024.0|3195.60009766|5|3001.0|3195.60009766|1|3196.0|2
CFFEX|IF1811|1540172024.5|3195.80004883|3|3004.0|3195.60009766|1|3196.60009766|2
CFFEX|IF1811|1540172025.0|3195.80004883|0|3004.0|3195.60009766|1|3196.60009766|2
CFFEX|IF1811|1540172025.5|3196.60009766|6|3010.0|3196.60009766|10|3197.0|3
CFFEX|IF1811|1540172026.0|3196.60009766|16|3026.0|3197.19995117|1|3197.39990234|1
CFFEX|IF1811|1540172026.5|3196.60009766|11|3037.0|3197.39990234|2|3197.80004883|5
CFFEX|IF1811|1540172027.0|3197.0|6|3043.0|3196.0|2|3197.19995117|1
CFFEX|IF1811|1540172027.5|3196.60009766|3|3046.0|3197.19995117|4|3197.60009766|1
CFFEX|IF1811|1540172028.0|3197.19995117|10|3056.0|3196.0|2|3197.80004883|4
CFFEX|IF1811|1540172028.5|3196.0|2|3058.0|3195.80004883|2|3197.60009766|1
CFFEX|IF1811|1540172029.0|3197.0|5|3063.0|3197.0|1|3197.19995117|2
CFFEX|IF1811|1540172029.5|3197.0|12|3075.0|3195.80004883|2|3197.19995117|3
CFFEX|IF1811|1540172030.0|3197.19995117|13|3088.0|3195.19995117|2|3196.80004883|1
CFFEX|IF1811|1540172030.5|3196.80004883|5|3093.0|3196.0|3|3196.80004883|1
CFFEX|IF1811|1540172031.0|3196.19995117|3|3096.0|3196.0|3|3196.60009766|2
CFFEX|IF1811|1540172031.5|3196.0|3|3099.0|3195.0|1|3196.0|1
CFFEX|IF1811|1540172032.0|3196.0|4|3103.0|3196.0|3|3196.60009766|2
CFFEX|IF1811|1540172032.5|3196.0|9|3112.0|3195.19995117|6|3196.39990234|1
CFFEX|IF1811|1540172033.0|3195.60009766|7|3119.0|3195.39990234|1|3195.80004883|1
CFFEX|IF1811|1540172033.5|3196.0|2|3121.0|3196.0|1|3196.39990234|1
CFFEX|IF1811|1540172034.0|3196.0|3|3124.0|3195.19995117|1|3196.80004883|1
CFFEX|IF1811|1540172034.5|3196.0|0|3124.0|3196.19995117|1|3196.60009766|2
CFFEX|IF1811|1540172035.0|3196.60009766|1|3125.0|3195.80004883|2|3196.60009766|1
CFFEX|IF1811|1540172035.5|3196.80004883|5|3130.0|3196.80004883|2|3197.39990234|2
CFFEX|IF1811|1540172036.0|3196.80004883|6|3136.0|3196.80004883|1|3197.80004883|3
CFFEX|IF1811|1540172036.5|3196.39990234|11|3147.0|3196.0|4|3198.0|12
CFFEX|IF1811|1540172037.0|3197.0|4|3151.0|3196.19995117|1|3197.80004883|2
CFFEX|IF1811|1540172037.5|3198.0|5|3156.0|3196.60009766|1|3196.80004883|1
CFFEX|IF1811|1540172038.0|3198.0|3|3159.0|3197.80004883|4|3198.0|8
CFFEX|IF1811|1540172038.5|3197.80004883|10|3169.0|3197.80004883|3|3198.0|1
CFFEX|IF1811|1540172039.0|3198.0|1|3170.0|3198.39990234|1|3198.80004883|6
CFFEX|IF1811|1540172039.5|3197.80004883|18|3188.0|3197.0|5|3197.80004883|7
CFFEX|IF1811|1540172040.0|3197.0|5|3193.0|3197.0|4|3197.80004883|3
CFFEX|IF1811|1540172040.5|3197.80004883|7|3200.0|3197.80004883|3|3198.80004883|6
CFFEX|IF1811|1540172041.0|3198.80004883|2|3202.0|3198.0|1|3198.80004883|6
CFFEX|IF1811|1540172041.5|3198.0|6|3208.0|3197.0|3|3198.39990234|1
CFFEX|IF1811|1540172042.0|3198.0|5|3213.0|3198.39990234|1|3198.80004883|4
CFFEX|IF1811|1540172042.5|3197.0|4|3217.0|3197.0|2|3198.39990234|1
CFFEX|IF1811|1540172043.0|3197.80004883|2|3219.0|3198.0|3|3198.39990234|4
CFFEX|IF1811|1540172043.5|3198.19995117|8|3227.0|3196.39990234|3|3198.19995117|1
CFFEX|IF1811|1540172044.0|3197.0|3|3230.0|3196.39990234|1|3197.0|1
CFFEX|IF1811|1540172044.5|3196.60009766|2|3232.0|3196.39990234|4|3196.80004883|1
CFFEX|IF1811|1540172045.0|3196.39990234|8|3240.0|3196.39990234|3|3197.80004883|2
CFFEX|IF1811|1540172045.5|3196.60009766|6|3246.0|3196.0|4|3197.60009766|1
CFFEX|IF1811|1540172046.0|3196.0|1|3247.0|3196.0|3|3197.19995117|1
CFFEX|IF1811|1540172046.5|3196.80004883|1|3248.0|3196.0|3|3196.80004883|1
CFFEX|IF1811|1540172047.0|3196.0|5|3253.0|3196.0|1|3196.60009766|1
CFFEX|IF1811|1540172047.5|3196.0|10|3263.0|3195.80004883|3|3196.0|3
CFFEX|IF1811|1540172048.0|3195.80004883|17|3280.0|3195.19995117|1|3196.0|4
CFFEX|IF1811|1540172048.5|3195.80004883|8|3288.0|3193.80004883|2|3195.80004883|3
CFFEX|IF1811|1540172049.0|3195.60009766|1|3289.0|3195.0|2|3195.60009766|3
CFFEX|IF1811|1540172049.5|3195.19995117|7|3296.0|3194.0|1|3195.60009766|2
CFFEX|IF1811|1540172050.0|3195.60009766|6|3302.0|3195.60009766|2|3195.80004883|4
CFFEX|IF1811|1540172050.5|3195.60009766|3|3305.0|3194.60009766|1|3195.0|1
CFFEX|IF1811|1540172051.0|3195.0|7|3312.0|3193.80004883|2|3194.0|1
CFFEX|IF1811|1540172051.5|3194.0|2|3314.0|3194.19995117|1|3195.39990234|2
CFFEX|IF1811|1540172052.0|3195.39990234|6|3320.0|3195.39990234|2|3195.60009766|1
CFFEX|IF1811|1540172052.5|3195.39990234|4|3324.0|3193.80004883|2|3194.39990234|1
CFFEX|IF1811|1540172053.0|3194.60009766|3|3327.0|3194.0|3|3195.19995117|1
CFFEX|IF1811|1540172053.5|3194.0|3|3330.0|3193.80004883|2|3194.39990234|1
CFFEX|IF1811|1540172054.0|3194.39990234|6|3336.0|3194.39990234|2|3195.39990234|3
CFFEX|IF1811|1540172054.5|3195.39990234|4|3340.0|3195.19995117|3|3195.39990234|1
CFFEX|IF1811|1540172055.0|3195.19995117|4|3344.0|3194.39990234|1|3195.39990234|2
CFFEX|IF1811|1540172055.5|3193.80004883|4|3348.0|3193.80004883|1|3195.39990234|3
CFFEX|IF1811|1540172056.0|3195.19995117|1|3349.0|3194.0|2|3194.39990234|1
CFFEX|IF1811|1540172056.5|3194.60009766|4|3353.0|3194.19995117|2|3195.0|1
CFFEX|IF1811|1540172057.0|3194.39990234|2|3355.0|3195.0|2|3195.39990234|1
CFFEX|IF1811|1540172057.5|3193.80004883|4|3359.0|3193.80004883|1|3194.39990234|1
CFFEX|IF1811|1540172058.0|3193.0|4|3363.0|3193.0|3|3194.19995117|1
CFFEX|IF1811|1540172058.5|3193.80004883|1|3364.0|3193.0|3|3194.0|1
CFFEX|IF1811|1540172059.0|3194.0|2|3366.0|3193.19995117|1|3194.19995117|1
CFFEX|IF1811|1540172059.5|3194.19995117|5|3371.0|3194.19995117|3|3195.0|2
CFFEX|IF1811|1540172060.0|3194.19995117|5|3376.0|3193.19995117|1|3193.80004883|1
CFFEX|IF1811|1540172060.5|3193.19995117|2|3378.0|3193.0|4|3193.19995117|3
CFFEX|IF1811|1540172061.0|3194.19995117|8|3386.0|3193.0|2|3194.19995117|6
CFFEX|IF1811|1540172061.5|3194.19995117|0|3386.0|3193.39990234|1|3194.0|1
CFFEX|IF1811|1540172062.0|3193.0|2|3388.0|3193.0|2|3194.0|1
CFFEX|IF1811|1540172062.5|3193.0|5|3393.0|3192.80004883|4|3193.0|4
CFFEX|IF1811|1540172063.0|3192.80004883|2|3395.0|3192.80004883|3|3193.0|3
CFFEX|IF1811|1540172063.5|3193.0|7|3402.0|3192.19995117|3|3193.39990234|2
CFFEX|IF1811|1540172064.0|3193.39990234|3|3405.0|3192.60009766|1|3193.39990234|1
CFFEX|IF1811|1540172064.5|3193.39990234|1|3406.0|3192.60009766|1|3193.19995117|2
CFFEX|IF1811|1540172065.0|3193.19995117|3|3409.0|3193.19995117|1|3193.60009766|1
CFFEX|IF1811|1540172065.5|3193.19995117|6|3415.0|3192.19995117|4|3194.19995117|7
CFFEX|IF1811|1540172066.0|3193.0|2|3417.0|3192.39990234|2|3194.0|2
CFFEX|IF1811|1540172066.5|3192.60009766|6|3423.0|3192.39990234|1|3194.19995117|7
CFFEX|IF1811|1540172067.0|3192.60009766|2|3425.0|3193.60009766|1|3194.19995117|6
CFFEX|IF1811|1540172067.5|3192.60009766|6|3431.0|3192.39990234|1|3194.0|1
CFFEX|IF1811|1540172068.0|3192.60009766|4|3435.0|3192.80004883|1|3193.60009766|2
CFFEX|IF1811|1540172068.5|3193.60009766|3|3438.0|3193.60009766|3|3193.80004883|1
CFFEX|IF1811|1540172069.0|3193.80004883|1|3439.0|3194.0|1|3194.19995117|4
CFFEX|IF1811|1540172069.5|3194.19995117|4|3443.0|3194.19995117|3|3194.60009766|1
CFFEX|IF1811|1540172070.0|3194.60009766|2|3445.0|3194.60009766|4|3195.0|2
CFFEX|IF1811|1540172070.5|3194.60009766|3|3448.0|3194.19995117|1|3195.0|2
CFFEX|IF1811|1540172071.0|3194.0|3|3451.0|3193.80004883|1|3194.60009766|2
CFFEX|IF1811|1540172071.5|3194.60009766|3|3454.0|3192.80004883|1|3195.0|4
CFFEX|IF1811|1540172072.0|3194.0|2|3456.0|3194.0|1|3194.60009766|1
CFFEX|IF1811|1540172072.5|3193.0|3|3459.0|3192.80004883|2|3194.60009766|1
CFFEX|IF1811|1540172073.0|3195.0|4|3463.0|3193.0|2|3195.0|4
CFFEX|IF1811|1540172073.5|3195.0|0|3463.0|3193.0|2|3194.80004883|1
CFFEX|IF1811|1540172074.0|3195.0|1|3464.0|3193.0|2|3195.0|4
CFFEX|IF1811|1540172074.5|3193.0|2|3466.0|3192.80004883|2|3193.0|10
CFFEX|IF1811|1540172075.0|3193.0|11|3477.0|3193.0|3|3194.60009766|1
CFFEX|IF1811|1540172075.5|3193.0|1|3478.0|3193.0|3|3194.0|1
CFFEX|IF1811|1540172076.0|3193.0|4|3482.0|3193.0|2|3194.80004883|1
CFFEX|IF1811|1540172076.5|3193.0|0|3482.0|3194.19995117|1|3194.60009766|2
CFFEX|IF1811|1540172077.0|3193.19995117|4|3486.0|3193.19995117|2|3193.80004883|1
CFFEX|IF1811|1540172077.5|3193.19995117|4|3490.0|3193.0|2|3193.19995117|5
CFFEX|IF1811|1540172078.0|3193.19995117|7|3497.0|3193.19995117|2|3194.0|3
CFFEX|IF1811|1540172078.5|3193.0|1|3498.0|3192.80004883|2|3193.80004883|1
CFFEX|IF1811|1540172079.0|3193.0|0|3498.0|3193.19995117|1|3193.60009766|1
CFFEX|IF1811|1540172079.5|3193.80004883|2|3500.0|3193.0|1|3193.19995117|5
CFFEX|IF1811|1540172080.0|3193.0|6|3506.0|3193.0|3|3193.39990234|1
CFFEX|IF1811|1540172080.5|3193.39990234|1|3507.0|3193.39990234|2|3193.80004883|1
CFFEX|IF1811|1540172081.0|3193.0|3|3510.0|3192.80004883|2|3193.80004883|1
CFFEX|IF1811|1540172081.5|3192.80004883|4|3514.0|3193.60009766|1|3193.80004883|1
CFFEX|IF1811|1540172082.0|3193.19995117|4|3518.0|3193.0|10|3193.60009766|2
CFFEX|IF1811|1540172082.5|3193.19995117|0|3518.0|3193.19995117|3|3193.60009766|1
CFFEX|IF1811|1540172083.0|3193.39990234|3|3521.0|3193.39990234|1|3193.80004883|1
CFFEX|IF1811|1540172083.5|3194.0|6|3527.0|3193.60009766|2|3194.60009766|1
CFFEX|IF1811|1540172084.0|3194.0|0|3527.0|3193.80004883|3|3194.60009766|1
CFFEX|IF1811|1540172084.5|3193.80004883|3|3530.0|3193.60009766|2|3194.60009766|1
CFFEX|IF1811|1540172085.0|3194.60009766|1|3531.0|3194.60009766|1|3194.80004883|3
CFFEX|IF1811|1540172085.5|3194.80004883|3|3534.0|3193.60009766|2|3194.80004883|3
CFFEX|IF1811|1540172086.0|3193.80004883|5|3539.0|3193.60009766|2|3193.80004883|1
CFFEX|IF1811|1540172086.5|3194.60009766|4|3543.0|3194.80004883|1|3195.0|5
CFFEX|IF1811|1540172087.0|3194.80004883|5|3548.0|3193.80004883|1|3194.39990234|1
CFFEX|IF1811|1540172087.5|3193.80004883|1|3549.0|3194.0|2|3194.39990234|1
CFFEX|IF1811|1540172088.0|3194.0|3|3552.0|3194.0|1|3194.80004883|1
CFFEX|IF1811|1540172088.5|3194.0|1|3553.0|3193.60009766|2|3194.80004883|2
CFFEX|IF1811|1540172089.0|3194.0|0|3553.0|3193.80004883|2|3194.39990234|1
CFFEX|IF1811|1540172089.5|3194.39990234|1|3554.0|3193.80004883|2|3194.80004883|2
CFFEX|IF1811|1540172090.0|3194.39990234|0|3554.0|3194.39990234|1|3194.80004883|2
CFFEX|IF1811|1540172090.5|3194.39990234|1|3555.0|3193.80004883|2|3194.80004883|2
CFFEX|IF1811|1540172091.0|3194.39990234|1|3556.0|3194.39990234|1|3194.80004883|2
CFFEX|IF1811|1540172091.5|3194.39990234|0|3556.0|3194.39990234|1|3194.60009766|1
CFFEX|IF1811|1540172092.0|3194.80004883|2|3558.0|3194.60009766|2|3194.80004883|1
CFFEX|IF1811|1540172092.5|3195.0|4|3562.0|3194.80004883|2|3195.0|2
CFFEX|IF1811|1540172093.0|3194.60009766|5|3567.0|3195.0|1|3195.60009766|6
CFFEX|IF1811|1540172093.5|3195.39990234|4|3571.0|3195.0|1|3195.60009766|5
CFFEX|IF1811|1540172094.0|3195.39990234|0|3571.0|3195.39990234|1|3195.60009766|5
CFFEX|IF1811|1540172094.5|3195.60009766|6|3577.0|3194.80004883|2|3195.19995117|2
CFFEX|IF1811|1540172095.0|3195.19995117|4|3581.0|3195.19995117|1|3195.39990234|1
CFFEX|IF1811|1540172095.5|3195.19995117|2|3583.0|3195.19995117|1|3195.39990234|1
CFFEX|IF1811|1540172096.0|3195.60009766|3|3586.0|3195.39990234|3|3195.60009766|1
CFFEX|IF1811|1540172096.5|3195.80004883|3|3589.0|3195.39990234|3|3195.80004883|3
CFFEX|IF1811|1540172097.0|3196.0|5|3594.0|3195.39990234|1|3196.0|6
CFFEX|IF1811|1540172097.5|3196.0|6|3600.0|3195.80004883|2|3196.60009766|1
CFFEX|IF1811|1540172098.0|3196.0|0|3600.0|3196.0|4|3196.60009766|1
CFFEX|IF1811|1540172098.5|3196.60009766|3|3603.0|3196.0|3|3196.80004883|5
CFFEX|IF1811|1540172099.0|3196.60009766|1|3604.0|3196.0|3|3196.80004883|5
CFFEX|IF1811|1540172100.0|3196.60009766|0|3604.0|3196.0|3|3196.60009766|1
CFFEX|IF1811|1540172100.5|3196.0|4|3608.0|3196.0|3|3196.19995117|1
CFFEX|IF1811|1540172101.0|3196.80004883|10|3618.0|3196.60009766|1|3197.0|2
CFFEX|IF1811|1540172101.5|3197.80004883|9|3627.0|3196.60009766|2|3198.0|4
CFFEX|IF1811|1540172102.0|3197.80004883|7|3634.0|3197.60009766|5|3198.39990234|2
CFFEX|IF1811|1540172102.5|3198.0|2|3636.0|3197.60009766|6|3198.39990234|2
CFFEX|IF1811|1540172103.0|3198.39990234|1|3637.0|3198.19995117|3|3198.39990234|1
CFFEX|IF1811|1540172103.5|3197.80004883|11|3648.0|3197.80004883|1|3198.80004883|1
CFFEX|IF1811|1540172104.0|3198.80004883|2|3650.0|3198.80004883|4|3199.0|3
CFFEX|IF1811|1540172104.5|3199.60009766|17|3667.0|3199.39990234|2|3199.80004883|6
CFFEX|IF1811|1540172105.0|3200.0|14|3681.0|3199.80004883|4|3200.0|6
CFFEX|IF1811|1540172105.5|3200.0|12|3693.0|3199.0|2|3199.39990234|1
CFFEX|IF1811|1540172106.0|3199.39990234|4|3697.0|3199.19995117|1|3200.39990234|1
CFFEX|IF1811|1540172106.5|3201.0|2|3699.0|3201.0|3|3201.19995117|1
CFFEX|IF1811|1540172107.0|3200.60009766|11|3710.0|3198.39990234|1|3200.80004883|2
CFFEX|IF1811|1540172107.5|3200.19995117|6|3716.0|3198.60009766|5|3200.60009766|7
CFFEX|IF1811|1540172108.0|3198.80004883|3|3719.0|3198.60009766|3|3200.0|1
CFFEX|IF1811|1540172108.5|3200.0|8|3727.0|3199.39990234|2|3199.60009766|1
CFFEX|IF1811|1540172109.0|3199.0|6|3733.0|3199.0|2|3199.80004883|2
CFFEX|IF1811|1540172109.5|3199.0|1|3734.0|3198.60009766|2|3199.39990234|1
CFFEX|IF1811|1540172110.0|3199.39990234|4|3738.0|3199.39990234|1|3199.80004883|2
CFFEX|IF1811|1540172110.5|3199.39990234|13|3751.0|3198.60009766|1|3200.19995117|2
CFFEX|IF1811|1540172111.0|3199.39990234|1|3752.0|3199.39990234|3|3200.0|3
CFFEX|IF1811|1540172111.5|3199.80004883|2|3754.0|3199.60009766|1|3200.0|2
CFFEX|IF1811|1540172112.0|3200.39990234|10|3764.0|3200.0|1|3200.80004883|5
CFFEX|IF1811|1540172112.5|3199.39990234|5|3769.0|3198.80004883|1|3200.39990234|1
CFFEX|IF1811|1540172113.0|3200.19995117|2|3771.0|3199.39990234|2|3200.80004883|5
CFFEX|IF1811|1540172113.5|3200.19995117|0|3771.0|3199.60009766|3|3200.0|1
CFFEX|IF1811|1540172114.0|3200.80004883|9|3780.0|3200.80004883|2|3201.0|2
CFFEX|IF1811|1540172114.5|3200.80004883|8|3788.0|3200.80004883|1|3201.80004883|1
CFFEX|IF1811|1540172115.0|3200.80004883|2|3790.0|3200.80004883|2|3201.80004883|1
CFFEX|IF1811|1540172115.5|3201.60009766|4|3794.0|3201.60009766|4|3202.0|1
CFFEX|IF1811|1540172116.0|3202.0|5|3799.0|3202.19995117|1|3202.39990234|5
CFFEX|IF1811|1540172116.5|3201.80004883|11|3810.0|3201.0|1|3202.80004883|2
CFFEX|IF1811|1540172117.0|3201.80004883|1|3811.0|3201.19995117|3|3201.60009766|1
CFFEX|IF1811|1540172117.5|3202.39990234|4|3815.0|3201.60009766|2|3202.80004883|2
CFFEX|IF1811|1540172118.0|3201.80004883|3|3818.0|3201.60009766|2|3202.39990234|1
CFFEX|IF1811|1540172118.5|3202.19995117|7|3825.0|3201.60009766|1|3202.0|1
CFFEX|IF1811|1540172119.0|3202.0|5|3830.0|3201.60009766|2|3202.80004883|1
CFFEX|IF1811|1540172119.5|3201.39990234|4|3834.0|3201.0|3|3202.80004883|1
CFFEX|IF1811|1540172120.0|3201.19995117|1|3835.0|3201.0|3|3202.39990234|1
CFFEX|IF1811|1540172120.5|3202.60009766|6|3841.0|3201.0|2|3202.60009766|2
CFFEX|IF1811|1540172121.0|3202.60009766|1|3842.0|3202.0|1|3202.60009766|1
CFFEX|IF1811|1540172121.5|3202.0|1|3843.0|3202.0|2|3202.60009766|1
CFFEX|IF1811|1540172122.0|3202.0|6|3849.0|3202.0|6|3203.0|2
CFFEX|IF1811|1540172122.5|3203.0|2|3851.0|3203.0|1|3203.80004883|1
CFFEX|IF1811|1540172123.0|3203.0|4|3855.0|3203.80004883|2|3204.0|1
CFFEX|IF1811|1540172123.5|3203.39990234|7|3862.0|3204.0|1|3204.80004883|2
CFFEX|IF1811|1540172124.0|3204.80004883|7|3869.0|3204.60009766|3|3205.0|2
CFFEX|IF1811|1540172124.5|3205.0|9|3878.0|3205.0|1|3206.0|3
CFFEX|IF1811|1540172125.0|3206.0|7|3885.0|3205.39990234|1|3205.80004883|1
CFFEX|IF1811|1540172125.5|3205.19995117|5|3890.0|3204.80004883|1|3205.39990234|1
CFFEX|IF1811|1540172126.0|3205.80004883|8|3898.0|3206.19995117|3|3206.60009766|2
CFFEX|IF1811|1540172126.5|3204.80004883|6|3904.0|3204.60009766|2|3205.80004883|1
CFFEX|IF1811|1540172127.0|3205.0|6|3910.0|3205.80004883|1|3206.0|2
CFFEX|IF1811|1540172127.5|3205.39990234|3|3913.0|3204.80004883|1|3205.39990234|1
CFFEX|IF1811|1540172128.0|3205.39990234|3|3916.0|3204.60009766|1|3205.80004883|3
CFFEX|IF1811|1540172128.5|3204.60009766|7|3923.0|3205.80004883|2|3206.0|2
CFFEX|IF1811|1540172129.0|3205.80004883|2|3925.0|3204.0|6|3205.39990234|1
CFFEX|IF1811|1540172129.5|3204.19995117|5|3930.0|3204.0|6|3204.60009766|1
CFFEX|IF1811|1540172130.0|3204.80004883|3|3933.0|3204.60009766|2|3205.39990234|2
CFFEX|IF1811|1540172130.5|3205.80004883|7|3940.0|3205.39990234|1|3206.0|3
CFFEX|IF1811|1540172131.0|3205.0|3|3943.0|3204.80004883|1|3205.0|5
CFFEX|IF1811|1540172131.5|3204.80004883|2|3945.0|3204.60009766|3|3205.0|1
CFFEX|IF1811|1540172132.0|3204.60009766|3|3948.0|3205.80004883|1|3206.0|3
CFFEX|IF1811|1540172132.5|3205.39990234|3|3951.0|3204.60009766|1|3205.80004883|3
CFFEX|IF1811|1540172133.0|3204.80004883|2|3953.0|3204.0|7|3204.80004883|1
CFFEX|IF1811|1540172133.5|3205.0|9|3962.0|3204.80004883|1|3206.0|2
CFFEX|IF1811|1540172134.0|3205.80004883|4|3966.0|3205.0|2|3205.80004883|1
CFFEX|IF1811|1540172134.5|3206.0|2|3968.0|3205.0|3|3206.19995117|2
CFFEX|IF1811|1540172135.0|3205.19995117|1|3969.0|3205.80004883|1|3206.0|2
CFFEX|IF1811|1540172135.5|3206.0|9|3978.0|3206.0|1|3206.19995117|1
CFFEX|IF1811|1540172136.0|3206.19995117|4|3982.0|3206.19995117|1|3206.60009766|2
CFFEX|IF1811|1540172136.5|3206.60009766|5|3987.0|3206.39990234|3|3207.0|3
CFFEX|IF1811|1540172137.0|3207.0|4|3991.0|3207.0|2|3207.39990234|6
CFFEX|IF1811|1540172137.5|3207.39990234|7|3998.0|3206.19995117|1|3207.39990234|4
CFFEX|IF1811|1540172138.0|3207.0|4|4002.0|3207.0|4|3207.39990234|2
CFFEX|IF1811|1540172138.5|3207.39990234|3|4005.0|3207.39990234|1|3207.80004883|1
CFFEX|IF1811|1540172139.0|3207.39990234|6|4011.0|3207.39990234|3|3208.39990234|1
CFFEX|IF1811|1540172139.5|3207.39990234|2|4013.0|3207.39990234|4|3208.39990234|1
CFFEX|IF1811|1540172140.0|3208.39990234|1|4014.0|3207.60009766|1|3208.60009766|1
CFFEX|IF1811|1540172140.5|3208.60009766|13|4027.0|3208.60009766|1|3208.80004883|4
CFFEX|IF1811|1540172141.0|3207.60009766|7|4034.0|3207.0|3|3208.39990234|2
CFFEX|IF1811|1540172141.5|3208.39990234|5|4039.0|3207.19995117|2|3207.39990234|2
CFFEX|IF1811|1540172142.0|3207.39990234|7|4046.0|3207.39990234|1|3208.19995117|2
CFFEX|IF1811|1540172142.5|3207.39990234|1|4047.0|3207.0|4|3208.0|1
CFFEX|IF1811|1540172143.0|3207.0|8|4055.0|3207.0|1|3207.19995117|1
CFFEX|IF1811|1540172143.5|3207.0|6|4061.0|3206.19995117|2|3207.0|3
CFFEX|IF1811|1540172144.0|3206.39990234|2|4063.0|3206.39990234|1|3206.80004883|1
CFFEX|IF1811|1540172144.5|3206.39990234|2|4065.0|3206.19995117|2|3206.60009766|1
CFFEX|IF1811|1540172145.0|3206.19995117|3|4068.0|3206.19995117|1|3206.39990234|3
CFFEX|IF1811|1540172145.5|3206.19995117|5|4073.0|3206.19995117|1|3206.39990234|1
CFFEX|IF1811|1540172146.0|3206.39990234|2|4075.0|3206.39990234|1|3207.0|7
CFFEX|IF1811|1540172146.5|3206.80004883|6|4081.0|3206.80004883|2|3207.0|2
CFFEX|IF1811|1540172147.0|3207.19995117|5|4086.0|3207.0|2|3207.60009766|1
CFFEX|IF1811|1540172147.5|3207.60009766|1|4087.0|3207.0|2|3207.80004883|12
CFFEX|IF1811|1540172148.0|3207.80004883|2|4089.0|3207.39990234|1|3207.80004883|10
CFFEX|IF1811|1540172148.5|3207.80004883|5|4094.0|3207.60009766|1|3207.80004883|6
CFFEX|IF1811|1540172149.0|3208.39990234|10|4104.0|3207.80004883|2|3208.39990234|2
CFFEX|IF1811|1540172149.5|3208.39990234|4|4108.0|3208.0|8|3208.80004883|7
CFFEX|IF1811|1540172150.0|3208.0|6|4114.0|3208.0|7|3208.80004883|2
CFFEX|IF1811|1540172150.5|3208.0|2|4116.0|3208.19995117|4|3208.60009766|1
CFFEX|IF1811|1540172151.0|3208.0|11|4127.0|3208.39990234|1|3208.80004883|2
CFFEX|IF1811|1540172151.5|3208.19995117|7|4134.0|3207.80004883|2|3208.19995117|3
CFFEX|IF1811|1540172152.0|3208.0|9|4143.0|3207.0|2|3208.19995117|2
CFFEX|IF1811|1540172152.5|3208.19995117|5|4148.0|3207.0|2|3207.60009766|1
CFFEX|IF1811|1540172153.0|3208.60009766|8|4156.0|3206.80004883|3|3207.0|1
CFFEX|IF1811|1540172153.5|3207.0|8|4164.0|3206.60009766|1|3207.19995117|1
CFFEX|IF1811|1540172154.0|3207.0|2|4166.0|3206.39990234|2|3206.60009766|1
CFFEX|IF1811|1540172154.5|3206.0|8|4174.0|3206.0|2|3206.80004883|1
CFFEX|IF1811|1540172155.0|3205.80004883|6|4180.0|3205.80004883|8|3206.0|2
CFFEX|IF1811|1540172155.5|3205.80004883|16|4196.0|3205.19995117|3|3206.19995117|1
CFFEX|IF1811|1540172156.0|3205.80004883|1|4197.0|3205.19995117|3|3205.80004883|1
CFFEX|IF1811|1540172156.5|3206.0|3|4200.0|3205.19995117|2|3205.80004883|2
CFFEX|IF1811|1540172157.0|3206.60009766|5|4205.0|3205.19995117|2|3206.60009766|1
CFFEX|IF1811|1540172157.5|3206.60009766|4|4209.0|3206.60009766|4|3206.80004883|3
CFFEX|IF1811|1540172158.0|3206.60009766|11|4220.0|3206.60009766|1|3208.0|3
CFFEX|IF1811|1540172158.5|3207.80004883|2|4222.0|3205.80004883|3|3207.80004883|2
CFFEX|IF1811|1540172159.0|3206.0|2|4224.0|3205.80004883|4|3206.19995117|1
CFFEX|IF1811|1540172159.5|3206.0|5|4229.0|3206.19995117|5|3206.80004883|2
CFFEX|IF1811|1540172160.0|3208.0|6|4235.0|3206.19995117|5|3208.0|3
CFFEX|IF1811|1540172160.5|3207.80004883|2|4237.0|3206.39990234|3|3207.80004883|1
CFFEX|IF1811|1540172161.0|3207.80004883|2|4239.0|3207.80004883|3|3208.0|4
CFFEX|IF1811|1540172161.5|3206.60009766|9|4248.0|3208.0|1|3208.19995117|3
CFFEX|IF1811|1540172162.0|3206.19995117|5|4253.0|3206.19995117|4|3208.0|1
CFFEX|IF1811|1540172162.5|3206.19995117|0|4253.0|3206.80004883|4|3208.0|2
CFFEX|IF1811|1540172163.0|3206.19995117|1|4254.0|3207.0|2|3207.80004883|1
CFFEX|IF1811|1540172163.5|3207.80004883|1|4255.0|3207.19995117|3|3208.0|4
CFFEX|IF1811|1540172164.0|3207.19995117|3|4258.0|3207.19995117|2|3207.60009766|1
CFFEX|IF1811|1540172164.5|3207.80004883|5|4263.0|3207.19995117|1|3207.80004883|1
CFFEX|IF1811|1540172165.0|3207.80004883|2|4265.0|3207.80004883|6|3208.0|6
CFFEX|IF1811|1540172165.5|3208.0|8|4273.0|3207.0|1|3208.0|5
CFFEX|IF1811|1540172166.0|3208.0|1|4274.0|3207.80004883|1|3208.0|4
CFFEX|IF1811|1540172166.5|3207.80004883|10|4284.0|3208.0|6|3208.39990234|1
CFFEX|IF1811|1540172167.0|3208.60009766|4|4288.0|3208.39990234|1|3208.60009766|2
CFFEX|IF1811|1540172167.5|3209.80004883|5|4293.0|3209.19995117|1|3210.0|4
CFFEX|IF1811|1540172168.0|3209.19995117|8|4301.0|3209.80004883|3|3210.80004883|2
CFFEX|IF1811|1540172168.5|3210.80004883|4|4305.0|3210.80004883|1|3211.80004883|1
CFFEX|IF1811|1540172169.0|3211.19995117|10|4315.0|3211.80004883|1|3212.39990234|5
CFFEX|IF1811|1540172169.5|3211.80004883|4|4319.0|3210.80004883|2|3211.80004883|1
CFFEX|IF1811|1540172170.0|3212.39990234|5|4324.0|3211.80004883|1|3212.39990234|1
CFFEX|IF1811|1540172170.5|3211.0|2|4326.0|3210.80004883|3|3211.80004883|1
CFFEX|IF1811|1540172171.0|3212.0|6|4332.0|3211.80004883|1|3212.0|7
CFFEX|IF1811|1540172171.5|3211.0|2|4334.0|3211.0|1|3211.39990234|1
CFFEX|IF1811|1540172172.0|3211.39990234|8|4342.0|3210.0|1|3211.0|1
CFFEX|IF1811|1540172172.5|3211.39990234|4|4346.0|3210.0|1|3210.19995117|1
CFFEX|IF1811|1540172173.0|3212.0|6|4352.0|3210.19995117|2|3211.80004883|1
CFFEX|IF1811|1540172173.5|3210.60009766|4|4356.0|3210.39990234|2|3211.60009766|1
CFFEX|IF1811|1540172174.0|3211.0|2|4358.0|3210.60009766|1|3211.0|4
CFFEX|IF1811|1540172174.5|3210.0|17|4375.0|3209.80004883|1|3211.19995117|1
CFFEX|IF1811|1540172175.0|3209.80004883|2|4377.0|3209.19995117|1|3209.80004883|1
CFFEX|IF1811|1540172175.5|3209.0|5|4382.0|3209.0|2|3209.19995117|1
CFFEX|IF1811|1540172176.0|3209.19995117|6|4388.0|3209.39990234|1|3209.80004883|2
CFFEX|IF1811|1540172176.5|3209.39990234|2|4390.0|3209.19995117|7|3209.39990234|2
CFFEX|IF1811|1540172177.0|3209.19995117|8|4398.0|3209.19995117|4|3210.39990234|1
CFFEX|IF1811|1540172177.5|3209.19995117|4|4402.0|3209.39990234|7|3209.60009766|1
CFFEX|IF1811|1540172178.0|3209.39990234|2|4404.0|3209.60009766|1|3210.19995117|1
CFFEX|IF1811|1540172178.5|3209.39990234|2|4406.0|3209.39990234|5|3209.80004883|1
CFFEX|IF1811|1540172179.0|3209.39990234|10|4416.0|3209.19995117|5|3210.39990234|1
CFFEX|IF1811|1540172179.5|3209.39990234|0|4416.0|3209.60009766|1|3210.0|1
CFFEX|IF1811|1540172180.0|3209.60009766|2|4418.0|3209.19995117|6|3210.0|1
CFFEX|IF1811|1540172180.5|3209.19995117|6|4424.0|3209.19995117|2|3210.39990234|1
CFFEX|IF1811|1540172181.0|3209.19995117|1|4425.0|3209.19995117|1|3210.39990234|1
CFFEX|IF1811|1540172181.5|3209.19995117|0|4425.0|3209.19995117|1|3210.0|1
CFFEX|IF1811|1540172182.0|3209.19995117|1|4426.0|3209.0|9|3210.0|2
CFFEX|IF1811|1540172182.5|3209.19995117|0|4426.0|3209.0|9|3210.0|2
CFFEX|IF1811|1540172183.0|3209.0|4|4430.0|3209.0|5|3209.80004883|1
CFFEX|IF1811|1540172183.5|3210.0|6|4436.0|3210.0|2|3210.19995117|3
CFFEX|IF1811|1540172184.0|3210.0|7|4443.0|3209.0|6|3210.0|1
CFFEX|IF1811|1540172184.5|3209.0|1|4444.0|3209.19995117|1|3209.60009766|1
CFFEX|IF1811|1540172185.0|3209.19995117|7|4451.0|3209.0|2|3209.60009766|3
CFFEX|IF1811|1540172185.5|3209.60009766|7|4458.0|3209.60009766|1|3209.80004883|2
CFFEX|IF1811|1540172186.0|3209.60009766|2|4460.0|3208.0|13|3209.0|1
CFFEX|IF1811|1540172186.5|3208.0|7|4467.0|3208.0|11|3209.19995117|1
CFFEX|IF1811|1540172187.0|3210.0|5|4472.0|3209.60009766|1|3210.0|3
CFFEX|IF1811|1540172187.5|3209.60009766|1|4473.0|3209.0|1|3209.39990234|1
CFFEX|IF1811|1540172188.0|3209.0|2|4475.0|3209.0|2|3209.19995117|1
CFFEX|IF1811|1540172188.5|3209.60009766|4|4479.0|3209.39990234|1|3209.80004883|3
CFFEX|IF1811|1540172189.0|3209.80004883|4|4483.0|3209.80004883|2|3210.0|5
CFFEX|IF1811|1540172189.5|3209.80004883|4|4487.0|3209.80004883|2|3210.0|3
CFFEX|IF1811|1540172190.0|3209.80004883|9|4496.0|3210.0|5|3210.39990234|7
CFFEX|IF1811|1540172190.5|3210.39990234|9|4505.0|3210.39990234|2|3210.80004883|1
CFFEX|IF1811|1540172191.0|3210.0|7|4512.0|3210.60009766|4|3211.0|1
CFFEX|IF1811|1540172191.5|3211.0|5|4517.0|3210.80004883|6|3211.60009766|1
CFFEX|IF1811|1540172192.0|3210.80004883|4|4521.0|3211.0|1|3211.80004883|1
CFFEX|IF1811|1540172192.5|3210.80004883|0|4521.0|3211.0|1|3211.80004883|1
CFFEX|IF1811|1540172193.0|3210.80004883|2|4523.0|3210.60009766|1|3211.80004883|1
CFFEX|IF1811|1540172193.5|3210.80004883|3|4526.0|3210.60009766|1|3212.0|7
CFFEX|IF1811|1540172194.0|3212.0|5|4531.0|3210.80004883|1|3212.0|4
CFFEX|IF1811|1540172194.5|3212.0|5|4536.0|3212.0|1|3212.19995117|1
CFFEX|IF1811|1540172195.0|3211.80004883|3|4539.0|3211.0|1|3211.39990234|2
CFFEX|IF1811|1540172195.5|3212.19995117|2|4541.0|3210.60009766|1|3211.0|1
CFFEX|IF1811|1540172196.0|3210.60009766|4|4545.0|3210.39990234|3|3212.39990234|1
CFFEX|IF1811|1540172196.5|3210.60009766|2|4547.0|3210.39990234|3|3211.0|1
CFFEX|IF1811|1540172197.0|3212.19995117|5|4552.0|3211.39990234|1|3212.19995117|2
CFFEX|IF1811|1540172197.5|3211.39990234|1|4553.0|3211.39990234|1|3212.0|7
CFFEX|IF1811|1540172198.0|3211.0|2|4555.0|3211.0|3|3211.39990234|2
CFFEX|IF1811|1540172198.5|3211.39990234|4|4559.0|3210.39990234|3|3212.0|6
CFFEX|IF1811|1540172199.0|3211.39990234|1|4560.0|3210.39990234|3|3211.60009766|1
CFFEX|IF1811|1540172199.5|3211.39990234|1|4561.0|3210.39990234|3|3211.60009766|1
CFFEX|IF1811|1540172200.0|3210.39990234|6|4567.0|3210.39990234|2|3211.39990234|1
CFFEX|IF1811|1540172200.5|3210.39990234|3|4570.0|3210.0|11|3211.19995117|1
CFFEX|IF1811|1540172201.0|3211.39990234|5|4575.0|3210.0|11|3210.39990234|1
CFFEX|IF1811|1540172201.5|3210.19995117|2|4577.0|3210.0|11|3212.0|1
CFFEX|IF1811|1540172202.0|3210.0|7|4584.0|3210.19995117|1|3210.39990234|1
CFFEX|IF1811|1540172202.5|3210.0|2|4586.0|3210.0|4|3210.39990234|1
CFFEX|IF1811|1540172203.0|3210.19995117|1|4587.0|3210.0|5|3210.39990234|1
CFFEX|IF1811|1540172203.5|3209.80004883|7|4594.0|3209.80004883|9|3210.0|1
CFFEX|IF1811|1540172204.0|3209.80004883|9|4603.0|3209.39990234|1|3210.0|1
CFFEX|IF1811|1540172204.5|3209.80004883|3|4606.0|3209.0|2|3210.0|4
CFFEX|IF1811|1540172205.0|3209.80004883|0|4606.0|3209.0|2|3210.0|4
CFFEX|IF1811|1540172205.5|3209.80004883|0|4606.0|3209.0|2|3210.0|4
CFFEX|IF1811|1540172206.0|3209.0|1|4607.0|3209.0|1|3210.0|3
CFFEX|IF1811|1540172206.5|3210.0|4|4611.0|3209.0|1|3210.39990234|1
CFFEX|IF1811|1540172207.0|3210.39990234|1|4612.0|3210.19995117|1|3210.80004883|1
CFFEX|IF1811|1540172207.5|3210.0|4|4616.0|3209.19995117|1|3210.0|1
CFFEX|IF1811|1540172208.0|3209.19995117|4|4620.0|3209.0|1|3209.80004883|1
CFFEX|IF1811|1540172208.5|3209.80004883|3|4623.0|3210.19995117|2|3210.39990234|1
CFFEX|IF1811|1540172209.0|3210.39990234|1|4624.0|3210.39990234|1|3211.0|2
CFFEX|IF1811|1540172209.5|3210.39990234|1|4625.0|3210.0|1|3210.19995117|1
CFFEX|IF1811|1540172210.0|3210.60009766|2|4627.0|3210.19995117|1|3210.80004883|2
CFFEX|IF1811|1540172210.5|3210.19995117|1|4628.0|3210.0|1|3210.80004883|2
CFFEX|IF1811|1540172211.0|3210.0|2|4630.0|3209.80004883|5|3210.39990234|1
CFFEX|IF1811|1540172211.5|3211.0|9|4639.0|3211.0|5|3211.19995117|1
CFFEX|IF1811|1540172212.0|3211.39990234|4|4643.0|3211.0|3|3211.60009766|1
CFFEX|IF1811|1540172212.5|3211.0|3|4646.0|3211.0|1|3211.80004883|1
CFFEX|IF1811|1540172213.0|3211.80004883|1|4647.0|3211.0|2|3212.0|3
CFFEX|IF1811|1540172213.5|3212.0|3|4650.0|3211.80004883|1|3212.39990234|3
CFFEX|IF1811|1540172214.0|3212.39990234|2|4652.0|3212.0|2|3212.39990234|1
CFFEX|IF1811|1540172214.5|3212.80004883|4|4656.0|3212.60009766|1|3212.80004883|3
CFFEX|IF1811|1540172215.0|3213.39990234|10|4666.0|3212.19995117|1|3213.80004883|3
CFFEX|IF1811|1540172215.5|3213.39990234|0|4666.0|3213.0|1|3213.60009766|2
CFFEX|IF1811|1540172216.0|3213.39990234|0|4666.0|3213.39990234|1|3213.80004883|3
CFFEX|IF1811|1540172216.5|3213.80004883|3|4669.0|3213.39990234|1|3213.80004883|2
CFFEX|IF1811|1540172217.0|3213.80004883|0|4669.0|3213.60009766|1|3213.80004883|2
CFFEX|IF1811|1540172217.5|3213.80004883|2|4671.0|3213.60009766|2|3213.80004883|1
CFFEX|IF1811|1540172218.0|3213.80004883|1|4672.0|3213.80004883|4|3214.0|1
CFFEX|IF1811|1540172218.5|3213.80004883|2|4674.0|3213.80004883|6|3214.80004883|1
CFFEX|IF1811|1540172219.0|3214.80004883|1|4675.0|3214.0|1|3215.0|5
CFFEX|IF1811|1540172219.5|3215.0|3|4678.0|3214.0|7|3214.60009766|2
CFFEX|IF1811|1540172220.0|3215.0|3|4681.0|3214.60009766|3|3215.0|3
CFFEX|IF1811|1540172220.5|3215.0|5|4686.0|3214.80004883|1|3215.80004883|1
CFFEX|IF1811|1540172221.0|3215.80004883|6|4692.0|3215.80004883|1|3216.19995117|2
CFFEX|IF1811|1540172221.5|3216.19995117|5|4697.0|3215.0|1|3216.80004883|2
CFFEX|IF1811|1540172222.0|3215.19995117|3|4700.0|3215.80004883|1|3216.0|1
CFFEX|IF1811|1540172222.5|3215.19995117|4|4704.0|3215.80004883|1|3216.0|2
CFFEX|IF1811|1540172223.0|3215.80004883|1|4705.0|3214.80004883|4|3215.0|2
CFFEX|IF1811|1540172223.5|3214.80004883|8|4713.0|3215.0|15|3215.19995117|2
CFFEX|IF1811|1540172224.0|3215.19995117|8|4721.0|3215.0|12|3216.0|3
CFFEX|IF1811|1540172224.5|3215.0|3|4724.0|3215.0|10|3215.39990234|1
CFFEX|IF1811|1540172225.0|3215.0|14|4738.0|3215.19995117|1|3216.0|3
CFFEX|IF1811|1540172225.5|3214.60009766|9|4747.0|3214.60009766|3|3215.19995117|1
CFFEX|IF1811|1540172226.0|3214.60009766|10|4757.0|3214.0|2|3214.60009766|1
CFFEX|IF1811|1540172226.5|3214.0|4|4761.0|3213.80004883|5|3214.39990234|1
CFFEX|IF1811|1540172227.0|3213.80004883|7|4768.0|3213.60009766|3|3214.0|2
CFFEX|IF1811|1540172227.5|3213.19995117|5|4773.0|3212.60009766|2|3213.19995117|1
CFFEX|IF1811|1540172228.0|3213.19995117|3|4776.0|3212.60009766|1|3213.0|2
CFFEX|IF1811|1540172228.5|3213.0|8|4784.0|3212.0|2|3213.60009766|3
CFFEX|IF1811|1540172229.0|3212.19995117|2|4786.0|3212.0|2|3213.39990234|5
CFFEX|IF1811|1540172229.5|3213.0|7|4793.0|3213.0|3|3213.19995117|1
CFFEX|IF1811|1540172230.0|3212.0|9|4802.0|3211.60009766|2|3213.80004883|1
CFFEX|IF1811|1540172230.5|3213.39990234|3|4805.0|3211.80004883|3|3213.60009766|3
CFFEX|IF1811|1540172231.0|3213.39990234|0|4805.0|3213.39990234|3|3213.60009766|3
CFFEX|IF1811|1540172231.5|3213.39990234|6|4811.0|3213.39990234|2|3214.0|4
CFFEX|IF1811|1540172232.0|3213.0|6|4817.0|3212.0|1|3214.0|2
CFFEX|IF1811|1540172232.5|3213.0|0|4817.0|3213.0|1|3213.19995117|1
CFFEX|IF1811|1540172233.0|3213.19995117|1|4818.0|3213.19995117|8|3213.60009766|5
CFFEX|IF1811|1540172233.5|3213.19995117|7|4825.0|3213.19995117|5|3213.60009766|1
CFFEX|IF1811|1540172234.0|3213.19995117|4|4829.0|3213.19995117|1|3213.39990234|1
CFFEX|IF1811|1540172234.5|3212.19995117|3|4832.0|3212.39990234|1|3212.80004883|1
CFFEX|IF1811|1540172235.0|3212.60009766|3|4835.0|3211.60009766|3|3212.80004883|1
CFFEX|IF1811|1540172235.5|3212.60009766|1|4836.0|3211.60009766|4|3212.0|1
CFFEX|IF1811|1540172236.0|3213.19995117|6|4842.0|3212.0|1|3212.60009766|1
CFFEX|IF1811|1540172236.5|3211.60009766|3|4845.0|3211.60009766|2|3212.0|2
CFFEX|IF1811|1540172237.0|3211.60009766|4|4849.0|3211.0|1|3212.0|1
CFFEX|IF1811|1540172237.5|3212.0|2|4851.0|3212.0|1|3212.19995117|1
CFFEX|IF1811|1540172238.0|3212.19995117|4|4855.0|3211.19995117|2|3211.60009766|1
CFFEX|IF1811|1540172238.5|3212.0|3|4858.0|3211.39990234|1|3212.0|2
CFFEX|IF1811|1540172239.0|3211.39990234|2|4860.0|3211.39990234|1|3212.0|3
CFFEX|IF1811|1540172239.5|3211.39990234|2|4862.0|3211.0|2|3212.0|3
CFFEX|IF1811|1540172240.0|3211.39990234|0|4862.0|3211.19995117|1|3211.39990234|3
CFFEX|IF1811|1540172240.5|3211.19995117|4|4866.0|3210.80004883|2|3211.19995117|5
CFFEX|IF1811|1540172241.0|3210.80004883|2|4868.0|3210.39990234|3|3210.80004883|3
CFFEX|IF1811|1540172241.5|3210.39990234|2|4870.0|3210.39990234|1|3210.80004883|3
CFFEX|IF1811|1540172242.0|3211.0|7|4877.0|3211.0|5|3211.19995117|6
CFFEX|IF1811|1540172242.5|3211.0|6|4883.0|3210.19995117|1|3211.0|2
CFFEX|IF1811|1540172243.0|3210.19995117|2|4885.0|3210.0|11|3210.80004883|8
CFFEX|IF1811|1540172243.5|3210.19995117|4|4889.0|3210.0|10|3210.19995117|1
CFFEX|IF1811|1540172244.0|3210.0|2|4891.0|3210.0|9|3210.19995117|1
CFFEX|IF1811|1540172244.5|3210.0|7|4898.0|3210.0|6|3210.80004883|3
CFFEX|IF1811|1540172245.0|3210.0|8|4906.0|3210.0|1|3210.60009766|1
CFFEX|IF1811|1540172245.5|3209.60009766|4|4910.0|3209.39990234|3|3210.0|5
CFFEX|IF1811|1540172246.0|3210.0|1|4911.0|3209.39990234|3|3210.0|4
CFFEX|IF1811|1540172246.5|3209.60009766|1|4912.0|3209.39990234|4|3209.80004883|1
CFFEX|IF1811|1540172247.0|3209.80004883|1|4913.0|3209.60009766|2|3209.80004883|1
CFFEX|IF1811|1540172247.5|3209.60009766|4|4917.0|3209.39990234|4|3209.60009766|2
CFFEX|IF1811|1540172248.0|3209.60009766|1|4918.0|3209.39990234|4|3209.60009766|2
CFFEX|IF1811|1540172248.5|3209.39990234|6|4924.0|3209.39990234|1|3210.0|8
CFFEX|IF1811|1540172249.0|3209.60009766|2|4926.0|3209.0|4|3209.60009766|1
CFFEX|IF1811|1540172249.5|3210.0|2|4928.0|3209.19995117|1|3210.0|8
CFFEX|IF1811|1540172250.0|3210.0|9|4937.0|3209.80004883|1|3210.19995117|1
CFFEX|IF1811|1540172250.5|3209.39990234|7|4944.0|3209.39990234|1|3210.80004883|1
CFFEX|IF1811|1540172251.0|3209.80004883|4|4948.0|3209.60009766|5|3210.0|1
CFFEX|IF1811|1540172251.5|3211.19995117|5|4953.0|3211.0|1|3211.19995117|2
CFFEX|IF1811|1540172252.0|3212.19995117|4|4957.0|3211.60009766|4|3212.60009766|1
CFFEX|IF1811|1540172252.5|3212.80004883|3|4960.0|3212.60009766|1|3213.39990234|2
CFFEX|IF1811|1540172253.0|3212.80004883|5|4965.0|3211.60009766|2|3214.0|6
CFFEX|IF1811|1540172253.5|3213.19995117|3|4968.0|3211.80004883|4|3213.80004883|4
CFFEX|IF1811|1540172254.0|3212.0|3|4971.0|3212.0|3|3213.60009766|1
CFFEX|IF1811|1540172254.5|3212.0|0|4971.0|3212.19995117|2|3212.39990234|1
CFFEX|IF1811|1540172255.0|3212.39990234|2|4973.0|3212.80004883|1|3213.0|1
CFFEX|IF1811|1540172255.5|3213.0|2|4975.0|3212.80004883|1|3213.60009766|1
CFFEX|IF1811|1540172256.0|3213.39990234|2|4977.0|3212.80004883|1|3213.60009766|1
CFFEX|IF1811|1540172256.5|3214.0|6|4983.0|3212.80004883|1|3214.0|1
CFFEX|IF1811|1540172257.0|3214.0|3|4986.0|3214.0|1|3214.60009766|3
CFFEX|IF1811|1540172257.5|3213.60009766|2|4988.0|3212.80004883|1|3213.60009766|1
CFFEX|IF1811|1540172258.0|3213.60009766|2|4990.0|3212.0|3|3214.39990234|1
CFFEX|IF1811|1540172258.5|3213.80004883|1|4991.0|3212.19995117|7|3212.80004883|1
CFFEX|IF1811|1540172259.0|3212.80004883|2|4993.0|3212.19995117|2|3212.80004883|1
CFFEX|IF1811|1540172259.5|3212.80004883|4|4997.0|3214.0|3|3214.19995117|2
CFFEX|IF1811|1540172260.0|3214.0|14|5011.0|3212.39990234|1|3214.0|1
CFFEX|IF1811|1540172260.5|3212.39990234|1|5012.0|3212.19995117|2|3212.80004883|3
CFFEX|IF1811|1540172261.0|3212.19995117|1|5013.0|3212.39990234|1|3212.80004883|3
CFFEX|IF1811|1540172261.5|3212.39990234|1|5014.0|3212.0|1|3212.80004883|3
CFFEX|IF1811|1540172262.0|3211.80004883|2|5016.0|3211.60009766|1|3212.0|1
CFFEX|IF1811|1540172262.5|3211.19995117|5|5021.0|3210.0|1|3212.0|1
CFFEX|IF1811|1540172263.0|3212.39990234|5|5026.0|3210.19995117|2|3212.80004883|3
CFFEX|IF1811|1540172263.5|3212.39990234|0|5026.0|3210.60009766|6|3212.39990234|3
CFFEX|IF1811|1540172264.0|3212.39990234|0|5026.0|3210.80004883|2|3212.0|1
CFFEX|IF1811|1540172264.5|3212.39990234|0|5026.0|3211.0|1|3212.0|2
CFFEX|IF1811|1540172265.0|3212.0|1|5027.0|3211.19995117|2|3212.0|1
CFFEX|IF1811|1540172265.5|3212.0|1|5028.0|3212.0|1|3212.39990234|2
CFFEX|IF1811|1540172266.0|3211.39990234|2|5030.0|3211.39990234|1|3212.39990234|2
CFFEX|IF1811|1540172266.5|3211.39990234|0|5030.0|3211.39990234|2|3212.19995117|1
CFFEX|IF1811|1540172267.0|3211.60009766|3|5033.0|3211.39990234|2|3212.19995117|2
CFFEX|IF1811|1540172267.5|3212.0|2|5035.0|3211.39990234|2|3212.19995117|1
CFFEX|IF1811|1540172268.0|3211.39990234|1|5036.0|3211.39990234|1|3212.0|2
CFFEX|IF1811|1540172268.5|3211.39990234|1|5037.0|3211.19995117|1|3212.0|2
CFFEX|IF1811|1540172269.0|3212.19995117|3|5040.0|3211.19995117|1|3212.19995117|1
CFFEX|IF1811|1540172269.5|3212.19995117|1|5041.0|3211.19995117|1|3212.19995117|1
CFFEX|IF1811|1540172270.0|3212.19995117|0|5041.0|3212.0|7|3212.19995117|1
CFFEX|IF1811|1540172270.5|3212.0|2|5043.0|3212.0|5|3212.19995117|1
CFFEX|IF1811|1540172271.0|3212.0|1|5044.0|3212.0|4|3212.19995117|1
CFFEX|IF1811|1540172271.5|3212.19995117|2|5046.0|3212.0|3|3212.39990234|4
CFFEX|IF1811|1540172272.0|3212.0|2|5048.0|3212.0|1|3212.39990234|4
CFFEX|IF1811|1540172272.5|3212.0|1|5049.0|3212.19995117|2|3212.39990234|4
CFFEX|IF1811|1540172273.0|3212.39990234|1|5050.0|3212.19995117|2|3212.39990234|4
CFFEX|IF1811|1540172273.5|3211.39990234|7|5057.0|3211.19995117|2|3212.0|3
CFFEX|IF1811|1540172274.0|3211.39990234|0|5057.0|3211.80004883|1|3212.0|6
CFFEX|IF1811|1540172274.5|3212.0|6|5063.0|3212.0|1|3212.19995117|2
CFFEX|IF1811|1540172275.0|3212.19995117|6|5069.0|3212.19995117|3|3212.80004883|6
CFFEX|IF1811|1540172275.5|3211.19995117|15|5084.0|3211.19995117|1|3212.19995117|1
CFFEX|IF1811|1540172276.0|3212.60009766|3|5087.0|3212.19995117|4|3213.60009766|2
CFFEX|IF1811|1540172276.5|3212.19995117|4|5091.0|3211.39990234|4|3213.60009766|1
CFFEX|IF1811|1540172277.0|3212.19995117|0|5091.0|3213.0|1|3213.39990234|2
CFFEX|IF1811|1540172277.5|3213.39990234|1|5092.0|3212.39990234|1|3213.60009766|1
CFFEX|IF1811|1540172278.0|3213.60009766|2|5094.0|3213.39990234|1|3213.80004883|3
CFFEX|IF1811|1540172278.5|3212.80004883|3|5097.0|3212.80004883|3|3213.80004883|2
CFFEX|IF1811|1540172279.0|3213.80004883|1|5098.0|3213.0|2|3213.60009766|1
CFFEX|IF1811|1540172279.5|3213.60009766|1|5099.0|3213.0|3|3213.80004883|1
CFFEX|IF1811|1540172280.0|3213.60009766|2|5101.0|3213.39990234|1|3213.60009766|2
CFFEX|IF1811|1540172280.5|3213.60009766|2|5103.0|3213.39990234|3|3214.0|5
CFFEX|IF1811|1540172281.0|3213.39990234|4|5107.0|3213.0|2|3213.80004883|1
CFFEX|IF1811|1540172281.5|3213.0|5|5112.0|3213.0|1|3213.39990234|2
CFFEX|IF1811|1540172282.0|3213.0|1|5113.0|3213.0|1|3213.39990234|2
CFFEX|IF1811|1540172282.5|3213.39990234|2|5115.0|3212.80004883|3|3213.0|1
CFFEX|IF1811|1540172283.0|3212.80004883|3|5118.0|3212.19995117|1|3212.80004883|1
CFFEX|IF1811|1540172283.5|3212.80004883|1|5119.0|3212.19995117|1|3213.0|2
CFFEX|IF1811|1540172284.0|3212.80004883|3|5122.0|3211.80004883|1|3212.80004883|1
CFFEX|IF1811|1540172284.5|3211.39990234|2|5124.0|3211.19995117|1|3211.80004883|1
CFFEX|IF1811|1540172285.0|3211.19995117|3|5127.0|3211.0|5|3211.19995117|1
CFFEX|IF1811|1540172285.5|3211.80004883|4|5131.0|3211.0|3|3212.19995117|1
CFFEX|IF1811|1540172286.0|3211.0|2|5133.0|3211.0|4|3211.19995117|2
CFFEX|IF1811|1540172286.5|3211.0|4|5137.0|3210.39990234|1|3211.0|7
CFFEX|IF1811|1540172287.0|3210.39990234|1|5138.0|3210.0|3|3210.60009766|3
CFFEX|IF1811|1540172287.5|3210.19995117|4|5142.0|3210.0|1|3210.19995117|1
CFFEX|IF1811|1540172288.0|3210.0|1|5143.0|3209.0|5|3209.80004883|2
CFFEX|IF1811|1540172288.5|3209.19995117|2|5145.0|3209.39990234|1|3210.0|1
CFFEX|IF1811|1540172289.0|3210.0|1|5146.0|3209.39990234|1|3209.80004883|1
CFFEX|IF1811|1540172289.5|3209.80004883|1|5147.0|3209.39990234|1|3210.39990234|1
CFFEX|IF1811|1540172290.0|3209.39990234|1|5148.0|3209.0|5|3209.80004883|1
CFFEX|IF1811|1540172290.5|3209.39990234|0|5148.0|3209.0|5|3209.39990234|3
CFFEX|IF1811|1540172291.0|3209.39990234|1|5149.0|3209.0|5|3209.39990234|3
CFFEX|IF1811|1540172291.5|3209.0|7|5156.0|3209.0|3|3210.39990234|1
CFFEX|IF1811|1540172292.0|3209.0|0|5156.0|3209.19995117|1|3210.19995117|1
CFFEX|IF1811|1540172292.5|3209.0|1|5157.0|3209.39990234|1|3210.0|1
CFFEX|IF1811|1540172293.0|3210.0|2|5159.0|3209.0|4|3210.19995117|1
CFFEX|IF1811|1540172293.5|3209.0|1|5160.0|3209.0|3|3210.19995117|1
CFFEX|IF1811|1540172294.0|3209.0|2|5162.0|3209.19995117|1|3210.19995117|2
CFFEX|IF1811|1540172294.5|3208.39990234|4|5166.0|3209.0|1|3210.0|2
CFFEX|IF1811|1540172295.0|3209.19995117|3|5169.0|3209.19995117|1|3210.0|2
CFFEX|IF1811|1540172295.5|3209.80004883|2|5171.0|3209.19995117|1|3210.0|2
CFFEX|IF1811|1540172296.0|3209.80004883|0|5171.0|3209.39990234|1|3209.80004883|1
CFFEX|IF1811|1540172296.5|3209.39990234|2|5173.0|3209.0|1|3209.39990234|2
CFFEX|IF1811|1540172297.0|3209.0|2|5175.0|3208.39990234|2|3209.39990234|2
CFFEX|IF1811|1540172297.5|3209.0|0|5175.0|3208.39990234|2|3209.19995117|1
CFFEX|IF1811|1540172298.0|3208.39990234|3|5178.0|3208.0|5|3208.39990234|1
CFFEX|IF1811|1540172298.5|3208.0|13|5191.0|3207.80004883|2|3208.0|11
CFFEX|IF1811|1540172299.0|3208.0|5|5196.0|3207.80004883|2|3208.0|9
CFFEX|IF1811|1540172299.5|3208.0|5|5201.0|3207.80004883|2|3208.0|5
CFFEX|IF1811|1540172300.0|3208.0|9|5210.0|3208.0|1|3209.0|1
CFFEX|IF1811|1540172300.5|3209.0|3|5213.0|3207.80004883|2|3208.0|1
CFFEX|IF1811|1540172301.0|3208.80004883|5|5218.0|3208.80004883|1|3209.39990234|2
CFFEX|IF1811|1540172301.5|3208.39990234|2|5220.0|3208.0|1|3209.19995117|2
CFFEX|IF1811|1540172302.0|3208.0|3|5223.0|3207.80004883|2|3208.39990234|2
CFFEX|IF1811|1540172302.5|3207.80004883|1|5224.0|3207.80004883|1|3208.39990234|2
CFFEX|IF1811|1540172303.0|3207.80004883|1|5225.0|3207.39990234|8|3208.19995117|1
CFFEX|IF1811|1540172303.5|3208.39990234|9|5234.0|3207.39990234|8|3208.39990234|1
CFFEX|IF1811|1540172304.0|3207.39990234|3|5237.0|3207.39990234|6|3208.19995117|2
CFFEX|IF1811|1540172304.5|3208.0|5|5242.0|3207.60009766|1|3208.19995117|3
CFFEX|IF1811|1540172305.0|3207.60009766|3|5245.0|3207.39990234|2|3207.60009766|2
CFFEX|IF1811|1540172305.5|3208.19995117|9|5254.0|3208.19995117|2|3208.39990234|1
CFFEX|IF1811|1540172306.0|3207.60009766|3|5257.0|3207.0|1|3208.0|2
CFFEX|IF1811|1540172306.5|3209.0|7|5264.0|3207.39990234|1|3209.0|1
CFFEX|IF1811|1540172307.0|3207.60009766|1|5265.0|3207.60009766|4|3208.80004883|2
CFFEX|IF1811|1540172307.5|3207.60009766|0|5265.0|3207.60009766|4|3208.80004883|2
CFFEX|IF1811|1540172308.0|3207.60009766|0|5265.0|3208.0|1|3208.19995117|1
CFFEX|IF1811|1540172308.5|3208.39990234|12|5277.0|3207.60009766|1|3208.80004883|2
CFFEX|IF1811|1540172309.0|3208.39990234|0|5277.0|3207.80004883|1|3208.80004883|2
CFFEX|IF1811|1540172309.5|3208.80004883|2|5279.0|3207.80004883|2|3208.60009766|2
CFFEX|IF1811|1540172310.0|3208.60009766|2|5281.0|3207.80004883|2|3208.80004883|1
CFFEX|IF1811|1540172310.5|3208.39990234|2|5283.0|3208.0|2|3208.39990234|2
CFFEX|IF1811|1540172311.0|3208.39990234|4|5287.0|3208.39990234|1|3209.0|1
CFFEX|IF1811|1540172311.5|3209.19995117|2|5289.0|3208.60009766|1|3208.80004883|1
CFFEX|IF1811|1540172312.0|3209.0|2|5291.0|3208.80004883|2|3209.39990234|1
CFFEX|IF1811|1540172312.5|3209.39990234|1|5292.0|3208.80004883|1|3209.60009766|1
CFFEX|IF1811|1540172313.0|3209.60009766|1|5293.0|3209.0|1|3210.0|10
CFFEX|IF1811|1540172313.5|3209.60009766|0|5293.0|3209.0|1|3210.0|10
CFFEX|IF1811|1540172314.0|3209.60009766|0|5293.0|3209.19995117|1|3210.0|10
CFFEX|IF1811|1540172314.5|3209.60009766|0|5293.0|3209.19995117|1|3210.0|10
CFFEX|IF1811|1540172315.0|3209.60009766|0|5293.0|3209.19995117|2|3210.0|10
CFFEX|IF1811|1540172315.5|3209.19995117|2|5295.0|3209.19995117|1|3210.0|9
CFFEX|IF1811|1540172316.0|3209.19995117|2|5297.0|3209.19995117|1|3210.0|9
CFFEX|IF1811|1540172316.5|3209.19995117|1|5298.0|3209.0|1|3210.0|9
CFFEX|IF1811|1540172317.0|3209.19995117|0|5298.0|3209.0|1|3209.19995117|1
CFFEX|IF1811|1540172317.5|3210.0|5|5303.0|3208.80004883|1|3210.0|7
CFFEX|IF1811|1540172318.0|3209.60009766|1|5304.0|3208.80004883|1|3209.60009766|1
CFFEX|IF1811|1540172318.5|3209.60009766|0|5304.0|3208.80004883|1|3209.60009766|1
CFFEX|IF1811|1540172319.0|3209.19995117|1|5305.0|3209.0|1|3209.60009766|1
CFFEX|IF1811|1540172319.5|3208.80004883|2|5307.0|3208.19995117|2|3209.60009766|1
CFFEX|IF1811|1540172320.0|3208.80004883|0|5307.0|3208.39990234|2|3209.0|1
CFFEX|IF1811|1540172320.5|3208.39990234|2|5309.0|3208.19995117|2|3208.80004883|1
CFFEX|IF1811|1540172321.0|3210.0|10|5319.0|3208.19995117|2|3208.80004883|5
CFFEX|IF1811|1540172321.5|3208.19995117|2|5321.0|3208.0|5|3208.19995117|1
CFFEX|IF1811|1540172322.0|3208.0|7|5328.0|3207.80004883|1|3208.0|4
CFFEX|IF1811|1540172322.5|3208.39990234|15|5343.0|3208.39990234|6|3208.80004883|2
CFFEX|IF1811|1540172323.0|3208.39990234|0|5343.0|3208.39990234|6|3208.80004883|2
CFFEX|IF1811|1540172323.5|3208.39990234|2|5345.0|3208.39990234|4|3208.80004883|2
CFFEX|IF1811|1540172324.0|3208.39990234|4|5349.0|3208.0|1|3208.39990234|1
CFFEX|IF1811|1540172324.5|3208.0|6|5355.0|3208.0|1|3208.19995117|2
CFFEX|IF1811|1540172325.0|3208.0|1|5356.0|3207.60009766|1|3208.0|1
CFFEX|IF1811|1540172325.5|3208.0|2|5358.0|3207.39990234|3|3207.80004883|1
CFFEX|IF1811|1540172326.0|3208.0|2|5360.0|3207.39990234|3|3208.0|1
CFFEX|IF1811|1540172326.5|3208.0|2|5362.0|3207.39990234|3|3208.0|5
CFFEX|IF1811|1540172327.0|3207.60009766|1|5363.0|3207.39990234|3|3207.60009766|1
CFFEX|IF1811|1540172327.5|3207.60009766|2|5365.0|3207.39990234|3|3208.0|5
CFFEX|IF1811|1540172328.0|3206.80004883|12|5377.0|3207.0|1|3208.0|5
CFFEX|IF1811|1540172328.5|3206.80004883|7|5384.0|3206.80004883|4|3208.0|4
CFFEX|IF1811|1540172329.0|3206.80004883|0|5384.0|3207.0|1|3207.80004883|1
CFFEX|IF1811|1540172329.5|3206.80004883|1|5385.0|3206.80004883|4|3207.60009766|1
CFFEX|IF1811|1540172330.0|3208.0|7|5392.0|3206.80004883|2|3208.19995117|1
CFFEX|IF1811|1540172330.5|3207.0|1|5393.0|3206.80004883|2|3208.0|2
CFFEX|IF1811|1540172331.0|3207.0|0|5393.0|3207.0|1|3207.80004883|1
CFFEX|IF1811|1540172331.5|3207.80004883|3|5396.0|3206.80004883|2|3208.0|1
CFFEX|IF1811|1540172332.0|3208.0|3|5399.0|3206.80004883|2|3208.19995117|1
CFFEX|IF1811|1540172332.5|3207.80004883|1|5400.0|3207.80004883|1|3208.0|2
CFFEX|IF1811|1540172333.0|3207.60009766|2|5402.0|3207.0|6|3208.19995117|1
CFFEX|IF1811|1540172333.5|3207.60009766|1|5403.0|3208.0|1|3208.19995117|1
CFFEX|IF1811|1540172334.0|3208.0|4|5407.0|3208.0|1|3208.19995117|1
CFFEX|IF1811|1540172334.5|3208.0|3|5410.0|3208.0|4|3208.39990234|5
CFFEX|IF1811|1540172335.0|3208.39990234|6|5416.0|3208.0|8|3208.80004883|3
CFFEX|IF1811|1540172335.5|3208.39990234|1|5417.0|3208.19995117|4|3208.80004883|3
CFFEX|IF1811|1540172336.0|3208.39990234|2|5419.0|3208.19995117|4|3208.80004883|2
CFFEX|IF1811|1540172336.5|3208.19995117|3|5422.0|3208.19995117|2|3208.80004883|1
CFFEX|IF1811|1540172337.0|3208.0|4|5426.0|3208.0|7|3208.19995117|3
CFFEX|IF1811|1540172337.5|3208.19995117|2|5428.0|3208.0|7|3208.19995117|1
CFFEX|IF1811|1540172338.0|3209.0|4|5432.0|3209.0|4|3209.60009766|1
CFFEX|IF1811|1540172338.5|3209.0|3|5435.0|3209.0|1|3209.60009766|1
CFFEX|IF1811|1540172339.0|3208.0|7|5442.0|3208.0|5|3209.60009766|1
CFFEX|IF1811|1540172339.5|3208.0|1|5443.0|3208.0|4|3208.60009766|1
CFFEX|IF1811|1540172340.0|3208.60009766|1|5444.0|3208.80004883|4|3209.0|5
CFFEX|IF1811|1540172340.5|3208.0|10|5454.0|3208.19995117|1|3209.0|3
CFFEX|IF1811|1540172341.0|3208.0|0|5454.0|3208.60009766|6|3208.80004883|1
CFFEX|IF1811|1540172341.5|3209.19995117|5|5459.0|3208.60009766|6|3209.60009766|1
CFFEX|IF1811|1540172342.0|3209.19995117|1|5460.0|3208.80004883|2|3209.60009766|1
CFFEX|IF1811|1540172342.5|3209.0|7|5467.0|3208.60009766|6|3210.0|5
CFFEX|IF1811|1540172343.0|3210.19995117|13|5480.0|3210.19995117|4|3210.39990234|1
CFFEX|IF1811|1540172343.5|3210.39990234|3|5483.0|3210.39990234|2|3211.0|2
CFFEX|IF1811|1540172344.0|3211.0|2|5485.0|3211.0|1|3212.0|1
CFFEX|IF1811|1540172344.5|3211.0|3|5488.0|3210.60009766|1|3211.60009766|1
CFFEX|IF1811|1540172345.0|3210.60009766|2|5490.0|3210.39990234|1|3211.39990234|2
CFFEX|IF1811|1540172345.5|3210.19995117|4|5494.0|3210.19995117|2|3211.39990234|2
CFFEX|IF1811|1540172346.0|3210.19995117|2|5496.0|3210.0|1|3211.0|1
CFFEX|IF1811|1540172346.5|3210.0|4|5500.0|3208.60009766|6|3210.19995117|1
CFFEX|IF1811|1540172347.0|3208.80004883|3|5503.0|3208.60009766|6|3210.19995117|1
CFFEX|IF1811|1540172347.5|3208.80004883|1|5504.0|3208.80004883|2|3210.0|2
CFFEX|IF1811|1540172348.0|3208.80004883|0|5504.0|3208.80004883|1|3210.0|2
CFFEX|IF1811|1540172348.5|3208.60009766|9|5513.0|3208.19995117|1|3208.60009766|11
CFFEX|IF1811|1540172349.0|3208.60009766|6|5519.0|3207.19995117|1|3208.60009766|10
CFFEX|IF1811|1540172349.5|3207.19995117|4|5523.0|3207.0|5|3208.0|1
CFFEX|IF1811|1540172350.0|3208.0|2|5525.0|3207.19995117|1|3207.39990234|1
CFFEX|IF1811|1540172350.5|3208.39990234|6|5531.0|3207.39990234|11|3208.60009766|7
CFFEX|IF1811|1540172351.0|3208.60009766|11|5542.0|3208.60009766|1|3209.39990234|1
CFFEX|IF1811|1540172351.5|3209.39990234|1|5543.0|3209.60009766|1|3210.0|2
CFFEX|IF1811|1540172352.0|3209.60009766|2|5545.0|3208.80004883|1|3210.0|2
CFFEX|IF1811|1540172352.5|3210.0|3|5548.0|3209.0|1|3211.0|2
CFFEX|IF1811|1540172353.0|3209.19995117|1|5549.0|3209.39990234|1|3210.80004883|2
CFFEX|IF1811|1540172353.5|3209.19995117|0|5549.0|3209.39990234|1|3210.60009766|2
CFFEX|IF1811|1540172354.0|3209.19995117|1|5550.0|3209.39990234|1|3210.39990234|3
CFFEX|IF1811|1540172354.5|3210.19995117|2|5552.0|3210.0|2|3210.19995117|1
CFFEX|IF1811|1540172355.0|3209.19995117|6|5558.0|3208.60009766|2|3209.0|1
CFFEX|IF1811|1540172355.5|3209.0|1|5559.0|3209.60009766|2|3211.0|1
CFFEX|IF1811|1540172356.0|3209.0|0|5559.0|3210.19995117|1|3211.0|2
CFFEX|IF1811|1540172356.5|3209.0|0|5559.0|3210.19995117|1|3211.0|1
CFFEX|IF1811|1540172357.0|3211.0|1|5560.0|3210.39990234|1|3211.80004883|2
CFFEX|IF1811|1540172357.5|3210.80004883|5|5565.0|3211.0|1|3211.39990234|1
CFFEX|IF1811|1540172358.0|3210.39990234|6|5571.0|3210.39990234|1|3211.0|1
CFFEX|IF1811|1540172358.5|3210.80004883|4|5575.0|3209.39990234|5|3210.80004883|1
CFFEX|IF1811|1540172359.0|3210.80004883|0|5575.0|3210.0|1|3210.39990234|1
CFFEX|IF1811|1540172359.5|3210.39990234|4|5579.0|3209.60009766|2|3210.80004883|1
CFFEX|IF1811|1540172360.0|3210.39990234|1|5580.0|3209.80004883|1|3210.80004883|1
CFFEX|IF1811|1540172360.5|3210.0|1|5581.0|3209.80004883|1|3211.39990234|1
CFFEX|IF1811|1540172361.0|3210.0|2|5583.0|3210.19995117|4|3211.19995117|2
CFFEX|IF1811|1540172361.5|3210.19995117|2|5585.0|3210.19995117|2|3211.0|1
CFFEX|IF1811|1540172362.0|3210.19995117|0|5585.0|3210.19995117|3|3211.0|1
CFFEX|IF1811|1540172362.5|3210.0|6|5591.0|3209.60009766|2|3211.0|1
CFFEX|IF1811|1540172363.0|3211.0|1|5592.0|3210.39990234|3|3210.80004883|1
CFFEX|IF1811|1540172363.5|3211.0|6|5598.0|3209.80004883|1|3210.19995117|1
CFFEX|IF1811|1540172364.0|3210.19995117|3|5601.0|3210.39990234|1|3211.0|10
CFFEX|IF1811|1540172364.5|3211.0|1|5602.0|3210.39990234|2|3211.0|9
CFFEX|IF1811|1540172365.0|3211.0|6|5608.0|3210.60009766|1|3211.0|3
CFFEX|IF1811|1540172365.5|3211.80004883|5|5613.0|3211.39990234|1|3211.80004883|1
CFFEX|IF1811|1540172366.0|3211.0|5|5618.0|3211.0|3|3212.60009766|4
CFFEX|IF1811|1540172366.5|3211.39990234|7|5625.0|3211.19995117|1|3212.60009766|1
CFFEX|IF1811|1540172367.0|3213.0|5|5630.0|3213.0|1|3213.19995117|1
CFFEX|IF1811|1540172367.5|3212.19995117|7|5637.0|3211.0|1|3212.19995117|1
CFFEX|IF1811|1540172368.0|3210.60009766|4|5641.0|3210.39990234|1|3211.0|1
CFFEX|IF1811|1540172368.5|3211.0|2|5643.0|3210.60009766|3|3212.0|1
CFFEX|IF1811|1540172369.0|3210.80004883|1|5644.0|3210.80004883|2|3211.0|1
CFFEX|IF1811|1540172369.5|3213.60009766|8|5652.0|3211.19995117|1|3214.0|3
CFFEX|IF1811|1540172370.0|3212.60009766|6|5658.0|3211.39990234|5|3213.0|1
CFFEX|IF1811|1540172370.5|3212.80004883|4|5662.0|3210.39990234|2|3212.80004883|3
CFFEX|IF1811|1540172371.0|3211.0|10|5672.0|3210.80004883|1|3212.60009766|2
CFFEX|IF1811|1540172371.5|3212.39990234|1|5673.0|3211.0|3|3212.60009766|1
CFFEX|IF1811|1540172372.0|3212.39990234|0|5673.0|3211.19995117|1|3212.39990234|1
CFFEX|IF1811|1540172372.5|3211.19995117|2|5675.0|3211.0|1|3211.80004883|1
CFFEX|IF1811|1540172373.0|3211.60009766|2|5677.0|3212.0|5|3212.60009766|1
CFFEX|IF1811|1540172373.5|3212.0|5|5682.0|3210.60009766|2|3211.80004883|1
CFFEX|IF1811|1540172374.0|3211.0|1|5683.0|3210.80004883|1|3211.19995117|1
CFFEX|IF1811|1540172374.5|3211.80004883|4|5687.0|3210.60009766|2|3212.0|3
CFFEX|IF1811|1540172375.0|3212.0|1|5688.0|3210.80004883|2|3211.60009766|1
CFFEX|IF1811|1540172375.5|3211.19995117|2|5690.0|3210.60009766|2|3211.19995117|2
CFFEX|IF1811|1540172376.0|3211.80004883|14|5704.0|3211.80004883|2|3212.0|3
CFFEX|IF1811|1540172376.5|3211.0|7|5711.0|3210.0|15|3211.39990234|2
CFFEX|IF1811|1540172377.0|3211.19995117|8|5719.0|3211.0|1|3211.19995117|1
CFFEX|IF1811|1540172377.5|3211.39990234|4|5723.0|3210.39990234|1|3211.60009766|4
CFFEX|IF1811|1540172378.0|3211.39990234|2|5725.0|3210.39990234|1|3211.39990234|1
CFFEX|IF1811|1540172378.5|3211.39990234|0|5725.0|3210.39990234|1|3211.19995117|1
CFFEX|IF1811|1540172379.0|3211.19995117|1|5726.0|3210.39990234|1|3211.0|1
CFFEX|IF1811|1540172379.5|3210.39990234|2|5728.0|3210.19995117|1|3211.39990234|1
CFFEX|IF1811|1540172380.0|3210.39990234|0|5728.0|3210.39990234|1|3210.80004883|1
CFFEX|IF1811|1540172380.5|3211.60009766|11|5739.0|3210.0|7|3211.60009766|1
CFFEX|IF1811|1540172381.0|3211.60009766|0|5739.0|3210.19995117|4|3210.39990234|1
CFFEX|IF1811|1540172381.5|3210.39990234|2|5741.0|3210.80004883|1|3211.60009766|1
CFFEX|IF1811|1540172382.0|3210.80004883|1|5742.0|3210.39990234|2|3210.80004883|4
CFFEX|IF1811|1540172382.5|3210.80004883|0|5742.0|3210.39990234|2|3210.80004883|4
CFFEX|IF1811|1540172383.0|3210.39990234|2|5744.0|3210.39990234|1|3210.80004883|4
CFFEX|IF1811|1540172383.5|3210.39990234|1|5745.0|3210.19995117|1|3210.60009766|1
CFFEX|IF1811|1540172384.0|3211.39990234|8|5753.0|3210.19995117|1|3211.39990234|3
CFFEX|IF1811|1540172384.5|3211.39990234|0|5753.0|3210.19995117|1|3210.39990234|1
CFFEX|IF1811|1540172385.0|3211.19995117|2|5755.0|3210.60009766|1|3211.39990234|3
CFFEX|IF1811|1540172385.5|3211.39990234|4|5759.0|3210.60009766|1|3211.39990234|2
CFFEX|IF1811|1540172386.0|3210.80004883|5|5764.0|3210.60009766|1|3211.39990234|2
CFFEX|IF1811|1540172386.5|3211.39990234|2|5766.0|3210.60009766|1|3211.60009766|1
CFFEX|IF1811|1540172387.0|3211.80004883|2|5768.0|3211.39990234|1|3212.0|1
CFFEX|IF1811|1540172387.5|3212.0|3|5771.0|3212.0|2|3212.39990234|3
CFFEX|IF1811|1540172388.0|3211.0|6|5777.0|3210.39990234|2|3211.19995117|1
CFFEX|IF1811|1540172388.5|3211.19995117|4|5781.0|3211.60009766|9|3212.0|1
CFFEX|IF1811|1540172389.0|3211.60009766|4|5785.0|3211.60009766|6|3212.0|1
CFFEX|IF1811|1540172389.5|3211.60009766|6|5791.0|3211.80004883|1|3212.39990234|3
CFFEX|IF1811|1540172390.0|3211.39990234|2|5793.0|3211.39990234|2|3211.60009766|1
CFFEX|IF1811|1540172390.5|3211.19995117|3|5796.0|3211.0|3|3211.19995117|2
CFFEX|IF1811|1540172391.0|3211.19995117|1|5797.0|3211.0|3|3211.19995117|1
CFFEX|IF1811|1540172391.5|3211.19995117|2|5799.0|3211.0|3|3211.39990234|1
CFFEX|IF1811|1540172392.0|3212.0|8|5807.0|3212.0|1|3212.39990234|3
CFFEX|IF1811|1540172392.5|3212.0|1|5808.0|3210.39990234|4|3211.80004883|1
CFFEX|IF1811|1540172393.0|3212.0|0|5808.0|3211.19995117|8|3211.60009766|1
CFFEX|IF1811|1540172393.5|3212.0|4|5812.0|3211.80004883|2|3212.39990234|3
CFFEX|IF1811|1540172394.0|3212.0|6|5818.0|3211.80004883|1|3212.0|2
CFFEX|IF1811|1540172394.5|3212.0|3|5821.0|3212.0|4|3213.0|3
CFFEX|IF1811|1540172395.0|3213.0|6|5827.0|3212.0|9|3213.19995117|2
CFFEX|IF1811|1540172395.5|3213.0|3|5830.0|3212.19995117|2|3213.19995117|2
CFFEX|IF1811|1540172396.0|3213.19995117|2|5832.0|3212.60009766|1|3213.19995117|4
CFFEX|IF1811|1540172396.5|3213.0|3|5835.0|3213.0|3|3213.19995117|3
CFFEX|IF1811|1540172397.0|3213.39990234|11|5846.0|3213.19995117|1|3213.39990234|1
CFFEX|IF1811|1540172397.5|3213.39990234|3|5849.0|3213.39990234|4|3214.0|2
CFFEX|IF1811|1540172398.0|3213.39990234|11|5860.0|3213.0|1|3213.19995117|4
CFFEX|IF1811|1540172398.5|3214.0|10|5870.0|3212.19995117|2|3213.0|1
CFFEX|IF1811|1540172399.0|3212.80004883|5|5875.0|3212.0|8|3213.0|1
CFFEX|IF1811|1540172399.5|3213.0|2|5877.0|3213.39990234|5|3213.60009766|1
CFFEX|IF1811|1540172400.0|3213.19995117|11|5888.0|3212.0|7|3213.19995117|1
CFFEX|IF1811|1540172400.5|3213.19995117|11|5899.0|3213.19995117|1|3213.39990234|5
CFFEX|IF1811|1540172401.0|3213.19995117|4|5903.0|3213.0|5|3213.19995117|3
CFFEX|IF1811|1540172401.5|3212.0|9|5912.0|3212.0|2|3213.0|1
CFFEX|IF1811|1540172402.0|3212.0|0|5912.0|3212.0|2|3212.39990234|1
CFFEX|IF1811|1540172402.5|3211.80004883|5|5917.0|3211.60009766|1|3212.19995117|1
CFFEX|IF1811|1540172403.0|3211.60009766|2|5919.0|3211.19995117|7|3211.60009766|1
CFFEX|IF1811|1540172403.5|3211.60009766|5|5924.0|3211.19995117|7|3213.0|2
CFFEX|IF1811|1540172404.0|3211.39990234|4|5928.0|3211.19995117|7|3212.39990234|1
CFFEX|IF1811|1540172404.5|3211.19995117|3|5931.0|3211.19995117|6|3211.60009766|1
CFFEX|IF1811|1540172405.0|3212.0|3|5934.0|3212.0|4|3213.19995117|2
CFFEX|IF1811|1540172405.5|3212.80004883|5|5939.0|3212.0|1|3213.0|1
CFFEX|IF1811|1540172406.0|3212.0|2|5941.0|3211.19995117|6|3212.80004883|1
CFFEX|IF1811|1540172406.5|3211.19995117|1|5942.0|3211.19995117|5|3212.60009766|2
CFFEX|IF1811|1540172407.0|3211.19995117|1|5943.0|3211.39990234|1|3212.39990234|1
CFFEX|IF1811|1540172407.5|3211.39990234|2|5945.0|3211.80004883|2|3212.39990234|1
CFFEX|IF1811|1540172408.0|3212.39990234|2|5947.0|3211.80004883|1|3212.60009766|2
CFFEX|IF1811|1540172408.5|3211.19995117|2|5949.0|3211.19995117|4|3212.60009766|2
CFFEX|IF1811|1540172409.0|3212.39990234|6|5955.0|3211.39990234|1|3212.39990234|1
CFFEX|IF1811|1540172409.5|3211.19995117|4|5959.0|3211.0|6|3211.39990234|1
CFFEX|IF1811|1540172410.0|3211.19995117|1|5960.0|3211.0|6|3211.39990234|1
CFFEX|IF1811|1540172410.5|3211.0|4|5964.0|3211.0|3|3211.39990234|1
CFFEX|IF1811|1540172411.0|3211.0|3|5967.0|3210.19995117|2|3211.0|1
CFFEX|IF1811|1540172411.5|3211.80004883|7|5974.0|3210.0|12|3210.19995117|1
CFFEX|IF1811|1540172412.0|3210.0|4|5978.0|3210.0|12|3211.0|2
CFFEX|IF1811|1540172412.5|3210.60009766|5|5983.0|3210.0|11|3211.0|2
CFFEX|IF1811|1540172413.0|3211.0|8|5991.0|3210.0|4|3211.0|2
CFFEX|IF1811|1540172413.5|3210.0|1|5992.0|3210.0|2|3210.19995117|1
CFFEX|IF1811|1540172414.0|3210.0|2|5994.0|3209.60009766|5|3210.0|2
CFFEX|IF1811|1540172414.5|3209.60009766|1|5995.0|3209.60009766|4|3210.0|10
CFFEX|IF1811|1540172415.0|3209.60009766|4|5999.0|3209.39990234|5|3209.60009766|3
CFFEX|IF1811|1540172415.5|3209.60009766|3|6002.0|3209.39990234|3|3209.60009766|2
CFFEX|IF1811|1540172416.0|3209.19995117|6|6008.0|3209.19995117|3|3209.60009766|2
CFFEX|IF1811|1540172416.5|3209.19995117|3|6011.0|3208.80004883|5|3209.60009766|2
CFFEX|IF1811|1540172417.0|3208.80004883|4|6015.0|3208.80004883|1|3209.19995117|1
CFFEX|IF1811|1540172417.5|3208.80004883|6|6021.0|3208.39990234|5|3208.80004883|1
CFFEX|IF1811|1540172418.0|3208.39990234|1|6022.0|3208.39990234|4|3208.60009766|1
CFFEX|IF1811|1540172418.5|3208.39990234|2|6024.0|3208.39990234|2|3208.80004883|2
CFFEX|IF1811|1540172419.0|3208.39990234|2|6026.0|3208.19995117|1|3208.39990234|3
CFFEX|IF1811|1540172419.5|3208.80004883|12|6038.0|3207.60009766|1|3208.80004883|3
CFFEX|IF1811|1540172420.0|3208.39990234|5|6043.0|3207.60009766|1|3208.80004883|1
CFFEX|IF1811|1540172420.5|3207.60009766|1|6044.0|3207.60009766|2|3208.39990234|1
CFFEX|IF1811|1540172421.0|3208.39990234|1|6045.0|3208.39990234|4|3208.80004883|1
CFFEX|IF1811|1540172421.5|3208.39990234|6|6051.0|3208.39990234|3|3209.80004883|1
CFFEX|IF1811|1540172422.0|3208.39990234|0|6051.0|3209.0|1|3209.80004883|1
CFFEX|IF1811|1540172422.5|3210.0|5|6056.0|3208.80004883|2|3210.0|9
CFFEX|IF1811|1540172423.0|3210.0|10|6066.0|3208.80004883|1|3209.39990234|3
CFFEX|IF1811|1540172423.5|3209.80004883|6|6072.0|3209.80004883|1|3210.39990234|1
CFFEX|IF1811|1540172424.0|3210.0|2|6074.0|3209.80004883|1|3210.80004883|3
CFFEX|IF1811|1540172424.5|3209.0|2|6076.0|3210.0|1|3210.60009766|3
CFFEX|IF1811|1540172425.0|3210.0|1|6077.0|3208.80004883|1|3209.80004883|1
CFFEX|IF1811|1540172425.5|3209.80004883|1|6078.0|3209.80004883|1|3210.0|3
CFFEX|IF1811|1540172426.0|3210.0|7|6085.0|3210.0|2|3210.60009766|3
CFFEX|IF1811|1540172426.5|3210.0|3|6088.0|3208.80004883|1|3210.60009766|3
CFFEX|IF1811|1540172427.0|3210.0|0|6088.0|3210.19995117|1|3210.60009766|4
CFFEX|IF1811|1540172427.5|3209.0|2|6090.0|3209.0|1|3210.0|1
CFFEX|IF1811|1540172428.0|3210.0|3|6093.0|3210.0|3|3210.19995117|1
CFFEX|IF1811|1540172428.5|3210.0|4|6097.0|3209.0|4|3209.60009766|1
CFFEX|IF1811|1540172429.0|3209.60009766|3|6100.0|3209.0|4|3209.39990234|1
CFFEX|IF1811|1540172429.5|3210.0|3|6103.0|3209.0|4|3209.60009766|1
CFFEX|IF1811|1540172430.0|3210.19995117|2|6105.0|3210.19995117|1|3210.60009766|1
CFFEX|IF1811|1540172430.5|3210.19995117|1|6106.0|3209.39990234|5|3210.0|1
CFFEX|IF1811|1540172431.0|3209.39990234|3|6109.0|3209.39990234|2|3209.80004883|1
CFFEX|IF1811|1540172431.5|3209.80004883|3|6112.0|3209.0|4|3210.0|1
CFFEX|IF1811|1540172432.0|3209.80004883|0|6112.0|3209.0|4|3209.19995117|1
CFFEX|IF1811|1540172432.5|3210.0|9|6121.0|3210.0|1|3210.60009766|1
CFFEX|IF1811|1540172433.0|3209.60009766|2|6123.0|3209.60009766|4|3210.0|2
CFFEX|IF1811|1540172433.5|3209.60009766|4|6127.0|3209.19995117|1|3210.0|2
CFFEX|IF1811|1540172434.0|3209.19995117|1|6128.0|3208.60009766|6|3209.19995117|1
CFFEX|IF1811|1540172434.5|3209.39990234|8|6136.0|3208.60009766|5|3209.39990234|1
CFFEX|IF1811|1540172435.0|3209.39990234|10|6146.0|3208.0|5|3209.60009766|2
CFFEX|IF1811|1540172435.5|3209.60009766|3|6149.0|3209.0|3|3209.60009766|1
CFFEX|IF1811|1540172436.0|3209.60009766|4|6153.0|3209.60009766|2|3210.0|2
CFFEX|IF1811|1540172436.5|3210.0|3|6156.0|3209.60009766|2|3210.19995117|1
CFFEX|IF1811|1540172437.0|3209.60009766|3|6159.0|3209.60009766|3|3210.0|1
CFFEX|IF1811|1540172437.5|3210.80004883|4|6163.0|3211.0|4|3211.19995117|1
CFFEX|IF1811|1540172438.0|3211.0|6|6169.0|3211.0|1|3212.0|1
CFFEX|IF1811|1540172438.5|3211.0|0|6169.0|3211.39990234|1|3211.80004883|1
CFFEX|IF1811|1540172439.0|3211.0|2|6171.0|3210.19995117|5|3211.19995117|2
CFFEX|IF1811|1540172439.5|3211.19995117|1|6172.0|3210.39990234|1|3210.60009766|2
CFFEX|IF1811|1540172440.0|3210.60009766|3|6175.0|3210.60009766|2|3211.39990234|1
CFFEX|IF1811|1540172440.5|3210.60009766|0|6175.0|3211.0|5|3211.19995117|1
CFFEX|IF1811|1540172441.0|3211.0|3|6178.0|3211.0|3|3211.39990234|3
CFFEX|IF1811|1540172441.5|3211.0|2|6180.0|3211.0|2|3211.39990234|2
CFFEX|IF1811|1540172442.0|3211.0|2|6182.0|3210.60009766|1|3211.0|1
CFFEX|IF1811|1540172442.5|3210.60009766|2|6184.0|3210.19995117|4|3211.0|1
CFFEX|IF1811|1540172443.0|3210.60009766|0|6184.0|3210.19995117|4|3211.0|1
CFFEX|IF1811|1540172443.5|3210.19995117|2|6186.0|3210.19995117|3|3211.0|1
CFFEX|IF1811|1540172444.0|3211.0|2|6188.0|3211.19995117|2|3211.39990234|2
CFFEX|IF1811|1540172444.5|3211.19995117|3|6191.0|3211.19995117|4|3211.39990234|1
CFFEX|IF1811|1540172445.0|3211.19995117|6|6197.0|3211.19995117|2|3212.0|2
CFFEX|IF1811|1540172445.5|3212.0|4|6201.0|3211.0|3|3211.19995117|2
CFFEX|IF1811|1540172446.0|3211.19995117|4|6205.0|3211.19995117|1|3212.19995117|1
CFFEX|IF1811|1540172446.5|3211.19995117|4|6209.0|3211.0|4|3211.19995117|1
CFFEX|IF1811|1540172447.0|3211.0|3|6212.0|3211.0|3|3212.39990234|1
CFFEX|IF1811|1540172447.5|3211.0|3|6215.0|3211.0|1|3211.80004883|1
CFFEX|IF1811|1540172448.0|3211.80004883|6|6221.0|3212.0|1|3212.39990234|1
CFFEX|IF1811|1540172448.5|3210.19995117|3|6224.0|3210.19995117|8|3211.0|1
CFFEX|IF1811|1540172449.0|3211.0|2|6226.0|3210.19995117|8|3211.19995117|1
CFFEX|IF1811|1540172449.5|3210.19995117|1|6227.0|3210.19995117|7|3211.19995117|1
CFFEX|IF1811|1540172450.0|3211.19995117|5|6232.0|3211.19995117|6|3211.39990234|1
CFFEX|IF1811|1540172450.5|3211.19995117|8|6240.0|3210.19995117|6|3211.39990234|1
CFFEX|IF1811|1540172451.0|3210.19995117|3|6243.0|3210.19995117|3|3211.19995117|1
CFFEX|IF1811|1540172451.5|3211.0|2|6245.0|3210.39990234|1|3211.19995117|1
CFFEX|IF1811|1540172452.0|3211.0|0|6245.0|3210.60009766|1|3211.19995117|1
CFFEX|IF1811|1540172452.5|3211.39990234|2|6247.0|3210.60009766|1|3211.60009766|1
CFFEX|IF1811|1540172453.0|3210.80004883|1|6248.0|3210.60009766|1|3211.60009766|1
CFFEX|IF1811|1540172453.5|3211.0|1|6249.0|3211.0|1|3211.60009766|1
CFFEX|IF1811|1540172454.0|3211.0|4|6253.0|3211.0|1|3211.39990234|2
CFFEX|IF1811|1540172454.5|3211.39990234|4|6257.0|3211.39990234|1|3211.80004883|8
CFFEX|IF1811|1540172455.0|3210.80004883|5|6262.0|3210.60009766|1|3211.0|2
CFFEX|IF1811|1540172455.5|3210.60009766|2|6264.0|3210.39990234|1|3210.60009766|2
CFFEX|IF1811|1540172456.0|3210.19995117|5|6269.0|3209.60009766|3|3210.39990234|2
CFFEX|IF1811|1540172456.5|3210.19995117|1|6270.0|3209.60009766|3|3210.19995117|1
CFFEX|IF1811|1540172457.0|3209.80004883|1|6271.0|3209.60009766|3|3210.19995117|1
CFFEX|IF1811|1540172457.5|3211.19995117|11|6282.0|3209.60009766|3|3211.60009766|2
CFFEX|IF1811|1540172458.0|3209.60009766|3|6285.0|3209.19995117|1|3211.19995117|1
CFFEX|IF1811|1540172458.5|3209.60009766|0|6285.0|3209.60009766|1|3211.0|7
CFFEX|IF1811|1540172459.0|3209.60009766|0|6285.0|3210.19995117|2|3210.80004883|1
